,timestamp,price,quantity,type,exchange
0,1551760194,3700.76,1.0,bids,gemini
500,1551760194,3701.18,2.40274209,asks,gemini
1,1551760194,3700.46,0.69773012,bids,gemini
501,1551760194,3701.65,3.0,asks,gemini
2,1551760194,3700.24,2.0,bids,gemini
502,1551760194,3701.88,3.0,asks,gemini
3,1551760194,3700.06,1.0,bids,gemini
503,1551760194,3702.0,0.29032877,asks,gemini
4,1551760194,3699.47,10.7517,bids,gemini
504,1551760194,3702.3,2.0,asks,gemini
5,1551760194,3698.63,0.027583,bids,gemini
505,1551760194,3702.9,0.5,asks,gemini
6,1551760194,3696.96,0.44906532,bids,gemini
506,1551760194,3702.96,0.5,asks,gemini
7,1551760194,3696.95,3.7631,bids,gemini
507,1551760194,3703.07,4.0,asks,gemini
8,1551760194,3696.84,0.5,bids,gemini
508,1551760194,3706.04,4.2,asks,gemini
9,1551760194,3696.38,0.5,bids,gemini
509,1551760194,3706.81,1.436,asks,gemini
10,1551760194,3695.93,50.0,bids,gemini
510,1551760194,3707.47,2.0,asks,gemini
11,1551760194,3695.9,2.88,bids,gemini
511,1551760194,3707.48,5.4901,asks,gemini
12,1551760194,3695.41,4.7,bids,gemini
512,1551760194,3707.63,50.0,asks,gemini
13,1551760194,3695.4,0.02679006,bids,gemini
513,1551760194,3707.9,0.027583,asks,gemini
14,1551760194,3695.0,2e-09,bids,gemini
514,1551760194,3707.91,1.191,asks,gemini
15,1551760194,3694.8,3.173,bids,gemini
515,1551760194,3708.79,3.9592,asks,gemini
16,1551760194,3694.39,0.3,bids,gemini
516,1551760194,3709.4,2.5,asks,gemini
17,1551760194,3694.21,0.0268041,bids,gemini
517,1551760194,3710.37,3.44,asks,gemini
18,1551760194,3693.84,0.54144196,bids,gemini
518,1551760194,3711.12,15.1088,asks,gemini
19,1551760194,3693.81,4.6,bids,gemini
519,1551760194,3711.59,0.622,asks,gemini
20,1551760194,3693.33,14.4,bids,gemini
520,1551760194,3711.99,4.8666,asks,gemini
21,1551760194,3692.35,5.9452,bids,gemini
521,1551760194,3712.58,0.3,asks,gemini
22,1551760194,3690.95,4.88,bids,gemini
522,1551760194,3713.47,4.4,asks,gemini
23,1551760194,3690.85,0.01354701,bids,gemini
523,1551760194,3714.78,3.7692,asks,gemini
24,1551760194,3690.76,0.574,bids,gemini
524,1551760194,3714.88,13.642,asks,gemini
25,1551760194,3690.32,0.008,bids,gemini
525,1551760194,3714.9,3.49,asks,gemini
26,1551760194,3689.77,12.65,bids,gemini
526,1551760194,3716.3,1.923,asks,gemini
27,1551760194,3689.44,3.4,bids,gemini
527,1551760194,3716.38,4.0807,asks,gemini
28,1551760194,3688.29,10.81,bids,gemini
528,1551760194,3717.37,16.6,asks,gemini
29,1551760194,3688.0,0.01355748,bids,gemini
529,1551760194,3717.63,40.0,asks,gemini
30,1551760194,3687.79,5.17,bids,gemini
530,1551760194,3717.68,5.7,asks,gemini
31,1551760194,3687.11,0.62,bids,gemini
531,1551760194,3718.5,0.1,asks,gemini
32,1551760194,3686.86,16.7,bids,gemini
532,1551760194,3719.26,7.11,asks,gemini
33,1551760194,3686.31,3.99,bids,gemini
533,1551760194,3720.7,3.8,asks,gemini
34,1551760194,3686.06,2.425,bids,gemini
534,1551760194,3721.96,16.2,asks,gemini
35,1551760194,3685.85,0.025,bids,gemini
535,1551760194,3722.2,0.1,asks,gemini
36,1551760194,3685.0,0.05427408,bids,gemini
536,1551760194,3722.28,5.6095,asks,gemini
37,1551760194,3684.88,4.731,bids,gemini
537,1551760194,3724.8,12.76,asks,gemini
38,1551760194,3684.39,2.0,bids,gemini
538,1551760194,3733.25,3.015,asks,gemini
39,1551760194,3684.0,0.17643865,bids,gemini
539,1551760194,3733.3,0.1,asks,gemini
40,1551760194,3683.37,5.6,bids,gemini
540,1551760194,3736.4,2.0,asks,gemini
41,1551760194,3683.0,0.16184727,bids,gemini
541,1551760194,3737.37,1.0,asks,gemini
42,1551760194,3682.56,0.00135775,bids,gemini
542,1551760194,3740.0,0.1,asks,gemini
43,1551760194,3682.0,0.01656708,bids,gemini
543,1551760194,3740.42,0.17940378,asks,gemini
44,1551760194,3681.95,5.2,bids,gemini
544,1551760194,3750.0,0.3,asks,gemini
45,1551760194,3681.84,12.8,bids,gemini
545,1551760194,3750.05,6.24,asks,gemini
46,1551760194,3681.0,5.0,bids,gemini
546,1551760194,3750.3,0.8,asks,gemini
47,1551760194,3680.66,13.26,bids,gemini
547,1551760194,3760.0,0.1997384,asks,gemini
48,1551760194,3680.36,5.9,bids,gemini
548,1551760194,3761.42,20.0,asks,gemini
49,1551760194,3680.1,9.51e-05,bids,gemini
549,1551760194,3766.85,8.154,asks,gemini
50,1551760194,3680.0,1.7707453,bids,gemini
550,1551760194,3767.93,0.00234715,asks,gemini
51,1551760194,3675.0,0.17931971,bids,gemini
551,1551760194,3768.0,1.25,asks,gemini
52,1551760194,3674.39,0.00673581,bids,gemini
552,1551760194,3783.66,13.836,asks,gemini
53,1551760194,3674.0,0.25,bids,gemini
553,1551760194,3785.23,12.0,asks,gemini
54,1551760194,3671.79,40.0,bids,gemini
554,1551760194,3802.0,0.2,asks,gemini
55,1551760194,3670.1,9.536e-05,bids,gemini
555,1551760194,3808.81,0.01008189,asks,gemini
56,1551760194,3670.0,0.26,bids,gemini
556,1551760194,3809.01,0.05,asks,gemini
57,1551760194,3669.69,0.05,bids,gemini
557,1551760194,3809.99,29.86681594,asks,gemini
58,1551760194,3669.11,2.68,bids,gemini
558,1551760194,3815.2,0.1,asks,gemini
59,1551760194,3669.0,0.13491414,bids,gemini
559,1551760194,3817.01,0.0088767,asks,gemini
60,1551760194,3668.0,0.02,bids,gemini
560,1551760194,3823.0,3.13688737,asks,gemini
61,1551760194,3667.0,0.13498772,bids,gemini
561,1551760194,3838.85,3.33,asks,gemini
62,1551760194,3665.95,0.25,bids,gemini
562,1551760194,3840.0,1.9995,asks,gemini
63,1551760194,3665.71,0.01355262,bids,gemini
563,1551760194,3843.0,0.02603851,asks,gemini
64,1551760194,3665.21,0.00272289,bids,gemini
564,1551760194,3848.04,0.34331272,asks,gemini
65,1551760194,3665.0,0.10272851,bids,gemini
565,1551760194,3848.26,0.01,asks,gemini
66,1551760194,3663.0,1.0,bids,gemini
566,1551760194,3850.0,1.42008205,asks,gemini
67,1551760194,3662.0,0.01665756,bids,gemini
567,1551760194,3850.85,0.68,asks,gemini
68,1551760194,3660.1,9.562e-05,bids,gemini
568,1551760194,3860.0,10.0,asks,gemini
69,1551760194,3660.0,1.4306448,bids,gemini
569,1551760194,3861.41,0.01462653,asks,gemini
70,1551760194,3655.09,0.00136795,bids,gemini
570,1551760194,3864.93,0.01,asks,gemini
71,1551760194,3655.0,3.55677154,bids,gemini
571,1551760194,3870.0,5.0,asks,gemini
72,1551760194,3654.68,3.0,bids,gemini
572,1551760194,3875.0,0.20231,asks,gemini
73,1551760194,3652.98,0.05474982,bids,gemini
573,1551760194,3883.48,0.08,asks,gemini
74,1551760194,3652.31,4.652,bids,gemini
574,1551760194,3887.0,10.0,asks,gemini
75,1551760194,3651.0,0.05395781,bids,gemini
575,1551760194,3887.5,0.17150605,asks,gemini
76,1551760194,3650.8,0.00547825,bids,gemini
576,1551760194,3890.0,1.0,asks,gemini
77,1551760194,3650.5,0.027,bids,gemini
577,1551760194,3894.01,1.3241876,asks,gemini
78,1551760194,3650.34,0.00821841,bids,gemini
578,1551760194,3899.0,19.99024072,asks,gemini
79,1551760194,3650.1,9.588e-05,bids,gemini
579,1551760194,3900.0,7.66267469,asks,gemini
80,1551760194,3650.0,16.33362348,bids,gemini
580,1551760194,3904.69,0.07683069,asks,gemini
81,1551760194,3649.32,0.13701182,bids,gemini
581,1551760194,3905.0,0.2,asks,gemini
82,1551760194,3645.0,0.06866597,bids,gemini
582,1551760194,3919.0,7.02323696,asks,gemini
83,1551760194,3643.0,0.0527642,bids,gemini
583,1551760194,3920.0,0.00258902,asks,gemini
84,1551760194,3642.74,0.136,bids,gemini
584,1551760194,3929.0,1.0,asks,gemini
85,1551760194,3642.42,0.1,bids,gemini
585,1551760194,3930.0,0.01043539,asks,gemini
86,1551760194,3642.0,0.29004666,bids,gemini
586,1551760194,3938.88,0.1,asks,gemini
87,1551760194,3640.97,0.20598906,bids,gemini
587,1551760194,3940.0,0.081,asks,gemini
88,1551760194,3640.73,0.001668,bids,gemini
588,1551760194,3949.0,2.0,asks,gemini
89,1551760194,3640.1,9.615e-05,bids,gemini
589,1551760194,3981.0,0.05,asks,gemini
90,1551760194,3640.0,0.275989,bids,gemini
590,1551760194,3990.0,1.6324538,asks,gemini
91,1551760194,3636.36,0.0544528,bids,gemini
591,1551760194,3993.38,0.22,asks,gemini
92,1551760194,3636.0,2.0,bids,gemini
592,1551760194,3998.0,28.08842652,asks,gemini
93,1551760194,3635.51,12.951,bids,gemini
593,1551760194,3998.62,0.02666,asks,gemini
94,1551760194,3635.0,1.0178817,bids,gemini
594,1551760194,3999.0,0.78359402,asks,gemini
95,1551760194,3630.4,0.5,bids,gemini
595,1551760194,4000.0,12.43421379,asks,gemini
96,1551760194,3630.1,9.641e-05,bids,gemini
596,1551760194,4003.0,2.0,asks,gemini
97,1551760194,3630.0,0.132,bids,gemini
597,1551760194,4009.0,0.2,asks,gemini
98,1551760194,3628.0,1.5,bids,gemini
598,1551760194,4010.0,1.26043617,asks,gemini
99,1551760194,3626.55,0.1366395,bids,gemini
599,1551760194,4010.85,0.001578,asks,gemini
100,1551760194,3625.78,0.01379013,bids,gemini
600,1551760194,4011.0,1.0,asks,gemini
101,1551760194,3625.06,0.00137928,bids,gemini
601,1551760194,4021.0,0.5,asks,gemini
102,1551760194,3625.0,20.75,bids,gemini
602,1551760194,4033.0,0.08,asks,gemini
103,1551760194,3624.3,0.01931407,bids,gemini
603,1551760194,4038.38,0.05,asks,gemini
104,1551760194,3622.0,0.01684152,bids,gemini
604,1551760194,4050.0,1.93,asks,gemini
105,1551760194,3620.5,0.02762049,bids,gemini
605,1551760194,4070.0,0.00052978,asks,gemini
106,1551760194,3620.1,9.668e-05,bids,gemini
606,1551760194,4078.0,5.0,asks,gemini
107,1551760194,3620.0,0.15469613,bids,gemini
607,1551760194,4080.0,0.21,asks,gemini
108,1551760194,3619.39,20.0,bids,gemini
608,1551760194,4088.0,0.05,asks,gemini
109,1551760194,3618.7,12.604,bids,gemini
609,1551760194,4097.0,2.0,asks,gemini
110,1551760194,3617.8,1.0,bids,gemini
610,1551760194,4098.0,10.0,asks,gemini
111,1551760194,3615.41,0.5475,bids,gemini
611,1551760194,4100.0,8.70705298,asks,gemini
112,1551760194,3611.06,0.327,bids,gemini
612,1551760194,4105.0,0.2,asks,gemini
113,1551760194,3610.1,9.695e-05,bids,gemini
613,1551760194,4111.0,0.5,asks,gemini
114,1551760194,3610.0,0.02027701,bids,gemini
614,1551760194,4125.0,0.38204919,asks,gemini
115,1551760194,3609.56,0.00138521,bids,gemini
615,1551760194,4126.91,5.0,asks,gemini
116,1551760194,3609.27,0.00678807,bids,gemini
616,1551760194,4131.0,0.5,asks,gemini
117,1551760194,3608.81,0.02702275,bids,gemini
617,1551760194,4137.0,0.94813641,asks,gemini
118,1551760194,3608.0,0.651,bids,gemini
618,1551760194,4138.0,0.05,asks,gemini
119,1551760194,3605.87,0.27460779,bids,gemini
619,1551760194,4139.01,4.0,asks,gemini
120,1551760194,3605.51,0.08320598,bids,gemini
620,1551760194,4140.0,0.7,asks,gemini
121,1551760194,3605.0,0.02875728,bids,gemini
621,1551760194,4150.0,11.17824097,asks,gemini
122,1551760194,3603.12,0.27753724,bids,gemini
622,1551760194,4150.3,0.02652519,asks,gemini
123,1551760194,3603.0,0.25,bids,gemini
623,1551760194,4150.67,0.005952,asks,gemini
124,1551760194,3602.95,12.0,bids,gemini
624,1551760194,4154.32,5.0,asks,gemini
125,1551760194,3602.73,0.01110269,bids,gemini
625,1551760194,4167.0,0.0921,asks,gemini
126,1551760194,3602.56,0.13879019,bids,gemini
626,1551760194,4171.0,21.28558009,asks,gemini
127,1551760194,3601.11,4.16538234,bids,gemini
627,1551760194,4172.72,0.006721,asks,gemini
128,1551760194,3601.0,20.48958622,bids,gemini
628,1551760194,4180.0,1.0,asks,gemini
129,1551760194,3600.87,0.00138855,bids,gemini
629,1551760194,4181.82,5.0,asks,gemini
130,1551760194,3600.42,0.02777453,bids,gemini
630,1551760194,4185.0,0.0588122,asks,gemini
131,1551760194,3600.24,0.19304268,bids,gemini
631,1551760194,4186.41,0.5,asks,gemini
132,1551760194,3600.1,9.721e-05,bids,gemini
632,1551760194,4188.88,0.1,asks,gemini
133,1551760194,3600.0,16.76353699,bids,gemini
633,1551760194,4190.0,0.5,asks,gemini
134,1551760194,3599.06,0.00138925,bids,gemini
634,1551760194,4195.0,0.55959476,asks,gemini
135,1551760194,3597.0,2.4429,bids,gemini
635,1551760194,4195.34,0.05,asks,gemini
136,1551760194,3595.0,1.15,bids,gemini
636,1551760194,4196.0,1.17795656,asks,gemini
137,1551760194,3591.97,0.1378213,bids,gemini
637,1551760194,4197.0,2.0,asks,gemini
138,1551760194,3590.1,9.749e-05,bids,gemini
638,1551760194,4197.09,0.05,asks,gemini
139,1551760194,3589.99,0.02757946,bids,gemini
639,1551760194,4200.0,14.48919184,asks,gemini
140,1551760194,3589.0,0.08045137,bids,gemini
640,1551760194,4203.0,5.0,asks,gemini
141,1551760194,3588.0,0.1393534,bids,gemini
641,1551760194,4205.0,0.15,asks,gemini
142,1551760194,3587.87,0.01,bids,gemini
642,1551760194,4205.91,0.25791973,asks,gemini
143,1551760194,3587.68,0.0054,bids,gemini
643,1551760194,4209.32,22.0,asks,gemini
144,1551760194,3587.44,0.05575006,bids,gemini
644,1551760194,4212.36,0.05,asks,gemini
145,1551760194,3587.19,0.02787697,bids,gemini
645,1551760194,4222.0,0.5,asks,gemini
146,1551760194,3582.7,0.13817511,bids,gemini
646,1551760194,4227.19,0.2,asks,gemini
147,1551760194,3580.93,0.08293934,bids,gemini
647,1551760194,4230.0,1.0,asks,gemini
148,1551760194,3580.26,0.01382581,bids,gemini
648,1551760194,4234.0,0.3,asks,gemini
149,1551760194,3580.1,9.776e-05,bids,gemini
649,1551760194,4240.0,10.0,asks,gemini
150,1551760194,3580.0,1.01698324,bids,gemini
650,1551760194,4246.0,28.0,asks,gemini
151,1551760194,3579.0,0.19474713,bids,gemini
651,1551760194,4250.0,33.24867807,asks,gemini
152,1551760194,3577.76,0.02096283,bids,gemini
652,1551760194,4262.74,11.0,asks,gemini
153,1551760194,3577.0,1.0,bids,gemini
653,1551760194,4264.48,0.006829,asks,gemini
154,1551760194,3575.0,1.48197201,bids,gemini
654,1551760194,4269.0,0.1,asks,gemini
155,1551760194,3572.83,8.0,bids,gemini
655,1551760194,4285.52,0.07554787,asks,gemini
156,1551760194,3570.74,0.01840784,bids,gemini
656,1551760194,4288.88,0.05,asks,gemini
157,1551760194,3570.1,9.803e-05,bids,gemini
657,1551760194,4289.9,0.017155,asks,gemini
158,1551760194,3570.0,0.86483586,bids,gemini
658,1551760194,4290.0,5.0,asks,gemini
159,1551760194,3569.32,0.00700413,bids,gemini
659,1551760194,4294.0,0.03175362,asks,gemini
160,1551760194,3568.76,5.0,bids,gemini
660,1551760194,4299.0,0.1,asks,gemini
161,1551760194,3568.0,0.07286995,bids,gemini
661,1551760194,4300.0,11.625,asks,gemini
162,1551760194,3567.89,0.277505,bids,gemini
662,1551760194,4320.0,1.0,asks,gemini
163,1551760194,3567.0,0.3,bids,gemini
663,1551760194,4321.0,0.1,asks,gemini
164,1551760194,3566.0,0.266,bids,gemini
664,1551760194,4324.11,0.007978,asks,gemini
165,1551760194,3565.0,0.00561009,bids,gemini
665,1551760194,4325.0,1.5,asks,gemini
166,1551760194,3563.42,0.042,bids,gemini
666,1551760194,4329.29,0.007719,asks,gemini
167,1551760194,3562.0,0.01965188,bids,gemini
667,1551760194,4333.0,2.05,asks,gemini
168,1551760194,3560.1,0.00066009,bids,gemini
668,1551760194,4335.47,6.5181103,asks,gemini
169,1551760194,3560.0,0.3968455,bids,gemini
669,1551760194,4340.0,10.0,asks,gemini
170,1551760194,3556.83,0.01,bids,gemini
670,1551760194,4343.0,0.00921024,asks,gemini
171,1551760194,3556.0,0.001,bids,gemini
671,1551760194,4344.78,1.0,asks,gemini
172,1551760194,3555.82,0.05787694,bids,gemini
672,1551760194,4345.0,48.2,asks,gemini
173,1551760194,3555.78,0.01265545,bids,gemini
673,1551760194,4345.33,11.0,asks,gemini
174,1551760194,3555.55,0.0028125,bids,gemini
674,1551760194,4346.4,0.001455,asks,gemini
175,1551760194,3555.51,0.06750086,bids,gemini
675,1551760194,4350.0,0.53011875,asks,gemini
176,1551760194,3555.14,0.02813,bids,gemini
676,1551760194,4353.0,0.1,asks,gemini
177,1551760194,3555.0,0.72574401,bids,gemini
677,1551760194,4360.0,0.52316973,asks,gemini
178,1551760194,3554.23,0.4,bids,gemini
678,1551760194,4375.0,0.5,asks,gemini
179,1551760194,3551.14,0.050425,bids,gemini
679,1551760194,4380.0,0.02114542,asks,gemini
180,1551760194,3551.0,0.06892423,bids,gemini
680,1551760194,4387.0,0.1,asks,gemini
181,1551760194,3550.32,0.00140832,bids,gemini
681,1551760194,4388.0,0.126,asks,gemini
182,1551760194,3550.1,0.00207035,bids,gemini
682,1551760194,4391.0,0.34,asks,gemini
183,1551760194,3550.01,0.01215771,bids,gemini
683,1551760194,4399.0,0.1,asks,gemini
184,1551760194,3550.0,2.90219716,bids,gemini
684,1551760194,4400.0,8.66147108,asks,gemini
185,1551760194,3548.25,0.35,bids,gemini
685,1551760194,4410.0,0.15105279,asks,gemini
186,1551760194,3545.1,0.00056415,bids,gemini
686,1551760194,4425.0,0.5,asks,gemini
187,1551760194,3545.09,0.0014104,bids,gemini
687,1551760194,4427.74,20.0,asks,gemini
188,1551760194,3544.0,0.00028217,bids,gemini
688,1551760194,4432.42,7.0,asks,gemini
189,1551760194,3541.1,0.3,bids,gemini
689,1551760194,4435.0,0.1,asks,gemini
190,1551760194,3540.1,0.00151124,bids,gemini
690,1551760194,4439.48,0.013909,asks,gemini
191,1551760194,3540.0,1.01,bids,gemini
691,1551760194,4440.0,1.0,asks,gemini
192,1551760194,3539.0,0.03,bids,gemini
692,1551760194,4444.0,0.01,asks,gemini
193,1551760194,3538.22,0.07169989,bids,gemini
693,1551760194,4444.44,0.1,asks,gemini
194,1551760194,3537.0,0.28,bids,gemini
694,1551760194,4445.0,0.75565699,asks,gemini
195,1551760194,3536.0,0.0559983,bids,gemini
695,1551760194,4448.0,0.05,asks,gemini
196,1551760194,3535.35,0.05601425,bids,gemini
696,1551760194,4450.0,1.45989477,asks,gemini
197,1551760194,3533.01,0.02795067,bids,gemini
697,1551760194,4455.96,0.00448838,asks,gemini
198,1551760194,3533.0,0.015,bids,gemini
698,1551760194,4468.27,0.1,asks,gemini
199,1551760194,3531.1,1.95428903,bids,gemini
699,1551760194,4474.0,1.4,asks,gemini
200,1551760194,3530.1,0.00018412,bids,gemini
700,1551760194,4475.0,0.5,asks,gemini
201,1551760194,3530.0,0.01,bids,gemini
701,1551760194,4478.0,0.3,asks,gemini
202,1551760194,3529.85,0.00113319,bids,gemini
702,1551760194,4488.0,0.0539,asks,gemini
203,1551760194,3529.71,8.0,bids,gemini
703,1551760194,4492.5,0.016653,asks,gemini
204,1551760194,3528.12,0.459,bids,gemini
704,1551760194,4495.0,0.09,asks,gemini
205,1551760194,3525.1,0.00014183,bids,gemini
705,1551760194,4497.0,0.1,asks,gemini
206,1551760194,3525.0,0.00141843,bids,gemini
706,1551760194,4500.0,117.99994571,asks,gemini
207,1551760194,3524.0,0.00477582,bids,gemini
707,1551760194,4521.28,0.006201,asks,gemini
208,1551760194,3523.72,0.14,bids,gemini
708,1551760194,4525.0,0.5,asks,gemini
209,1551760194,3522.65,0.02838772,bids,gemini
709,1551760194,4540.0,10.0,asks,gemini
210,1551760194,3522.35,0.00868228,bids,gemini
710,1551760194,4550.0,1.0,asks,gemini
211,1551760194,3521.66,0.00779297,bids,gemini
711,1551760194,4555.0,2.0,asks,gemini
212,1551760194,3521.35,0.00709954,bids,gemini
712,1551760194,4567.89,0.1,asks,gemini
213,1551760194,3521.0,4.0,bids,gemini
713,1551760194,4571.91,1.0,asks,gemini
214,1551760194,3520.57,0.00690407,bids,gemini
714,1551760194,4575.0,0.5,asks,gemini
215,1551760194,3520.1,9.942e-05,bids,gemini
715,1551760194,4578.0,0.25,asks,gemini
216,1551760194,3520.0,0.01,bids,gemini
716,1551760194,4588.0,0.05,asks,gemini
217,1551760194,3519.99,0.01401523,bids,gemini
717,1551760194,4599.89,0.0141,asks,gemini
218,1551760194,3519.43,0.07089216,bids,gemini
718,1551760194,4600.0,6.621558,asks,gemini
219,1551760194,3518.0,0.15,bids,gemini
719,1551760194,4611.94,0.019824,asks,gemini
220,1551760194,3517.97,0.0218108,bids,gemini
720,1551760194,4621.91,0.31,asks,gemini
221,1551760194,3517.95,0.28082525,bids,gemini
721,1551760194,4630.14,0.015901,asks,gemini
222,1551760194,3516.75,0.00868946,bids,gemini
722,1551760194,4658.34,20.0,asks,gemini
223,1551760194,3516.58,0.06718711,bids,gemini
723,1551760194,4666.59,1.0,asks,gemini
224,1551760194,3516.39,0.00690669,bids,gemini
724,1551760194,4675.0,1.81626801,asks,gemini
225,1551760194,3515.81,0.02471019,bids,gemini
725,1551760194,4679.0,0.05,asks,gemini
226,1551760194,3515.34,0.02648307,bids,gemini
726,1551760194,4680.0,0.02564103,asks,gemini
227,1551760194,3515.25,0.22757983,bids,gemini
727,1551760194,4688.0,0.05,asks,gemini
228,1551760194,3515.21,0.14223901,bids,gemini
728,1551760194,4689.9,0.125,asks,gemini
229,1551760194,3511.06,0.338,bids,gemini
729,1551760194,4700.0,0.50616728,asks,gemini
230,1551760194,3510.82,0.01048644,bids,gemini
730,1551760194,4703.0,0.25706874,asks,gemini
231,1551760194,3510.68,0.02651325,bids,gemini
731,1551760194,4707.37,3.75,asks,gemini
232,1551760194,3510.32,0.00142437,bids,gemini
732,1551760194,4711.0,0.38,asks,gemini
233,1551760194,3510.1,0.00018517,bids,gemini
733,1551760194,4711.37,0.75,asks,gemini
234,1551760194,3510.0,1.73364671,bids,gemini
734,1551760194,4717.37,0.12,asks,gemini
235,1551760194,3505.0,0.14550641,bids,gemini
735,1551760194,4719.71,1.0,asks,gemini
236,1551760194,3503.0,0.25,bids,gemini
736,1551760194,4722.93,0.015561,asks,gemini
237,1551760194,3502.0,1.42857,bids,gemini
737,1551760194,4724.89,0.025821,asks,gemini
238,1551760194,3501.35,0.5,bids,gemini
738,1551760194,4750.0,0.25,asks,gemini
239,1551760194,3501.11,2.85623702,bids,gemini
739,1551760194,4759.88,0.12345679,asks,gemini
240,1551760194,3501.0,2.77854649,bids,gemini
740,1551760194,4781.88,0.015387,asks,gemini
241,1551760194,3500.64,0.0285662,bids,gemini
741,1551760194,4785.0,2.0,asks,gemini
242,1551760194,3500.1,0.00024284,bids,gemini
742,1551760194,4785.9,0.033961,asks,gemini
243,1551760194,3500.01,0.61,bids,gemini
743,1551760194,4788.0,0.05,asks,gemini
244,1551760194,3500.0,143.89985411,bids,gemini
744,1551760194,4800.0,0.23535036,asks,gemini
245,1551760194,3499.8,0.02000114,bids,gemini
745,1551760194,4811.0,0.15,asks,gemini
246,1551760194,3499.66,0.14151374,bids,gemini
746,1551760194,4815.03,1.5,asks,gemini
247,1551760194,3498.64,0.02115107,bids,gemini
747,1551760194,4838.0,0.05,asks,gemini
248,1551760194,3497.0,0.02259079,bids,gemini
748,1551760194,4840.0,10.12272727,asks,gemini
249,1551760194,3495.0,0.04249213,bids,gemini
749,1551760194,4850.0,0.255,asks,gemini
250,1551760194,3490.19,2.0,bids,gemini
750,1551760194,4857.28,0.015141,asks,gemini
251,1551760194,3490.1,0.00018623,bids,gemini
751,1551760194,4865.0,0.3,asks,gemini
252,1551760194,3490.0,0.25184527,bids,gemini
752,1551760194,4865.07,6.45206449,asks,gemini
253,1551760194,3489.75,0.02279532,bids,gemini
753,1551760194,4865.31,1.5,asks,gemini
254,1551760194,3488.0,0.02866972,bids,gemini
754,1551760194,4875.0,2.1,asks,gemini
255,1551760194,3487.18,0.08353167,bids,gemini
755,1551760194,4876.0,1.75,asks,gemini
256,1551760194,3487.0,0.02122168,bids,gemini
756,1551760194,4878.0,0.05,asks,gemini
257,1551760194,3486.0,0.71,bids,gemini
757,1551760194,4888.0,0.3,asks,gemini
258,1551760194,3485.47,0.11248985,bids,gemini
758,1551760194,4888.94,7.0,asks,gemini
259,1551760194,3485.2,0.00143463,bids,gemini
759,1551760194,4891.76,1.0,asks,gemini
260,1551760194,3482.7,0.14220288,bids,gemini
760,1551760194,4900.0,0.00204082,asks,gemini
261,1551760194,3481.88,1.0,bids,gemini
761,1551760194,4908.71,0.038912,asks,gemini
262,1551760194,3480.95,0.00143638,bids,gemini
762,1551760194,4912.0,0.40716613,asks,gemini
263,1551760194,3480.53,0.08619376,bids,gemini
763,1551760194,4915.32,1.5,asks,gemini
264,1551760194,3480.1,0.00018677,bids,gemini
764,1551760194,4918.02,0.01497,asks,gemini
265,1551760194,3480.0,1.8475862,bids,gemini
765,1551760194,4920.59,0.015202,asks,gemini
266,1551760194,3475.1,0.00014388,bids,gemini
766,1551760194,4921.0,0.34,asks,gemini
267,1551760194,3475.0,0.0071223,bids,gemini
767,1551760194,4937.37,3.0,asks,gemini
268,1551760194,3473.53,0.11659608,bids,gemini
768,1551760194,4938.0,0.1,asks,gemini
269,1551760194,3471.66,0.06783786,bids,gemini
769,1551760194,4949.49,0.49,asks,gemini
270,1551760194,3470.1,0.00020172,bids,gemini
770,1551760194,4950.0,21.72158823,asks,gemini
271,1551760194,3470.0,1.3,bids,gemini
771,1551760194,4959.0,0.1,asks,gemini
272,1551760194,3469.78,0.14410135,bids,gemini
772,1551760194,4980.0,0.75,asks,gemini
273,1551760194,3468.77,0.01067103,bids,gemini
773,1551760194,4987.0,0.1960042,asks,gemini
274,1551760194,3465.0,0.05571717,bids,gemini
774,1551760194,4990.0,2.51923,asks,gemini
275,1551760194,3463.55,0.14291694,bids,gemini
775,1551760194,4992.0,0.11770855,asks,gemini
276,1551760194,3462.5,6.5,bids,gemini
776,1551760194,4995.0,0.1,asks,gemini
277,1551760194,3461.52,0.0070212,bids,gemini
777,1551760194,4999.0,0.62681822,asks,gemini
278,1551760194,3460.1,0.0002023,bids,gemini
778,1551760194,4999.97,0.3,asks,gemini
279,1551760194,3460.0,0.28615606,bids,gemini
779,1551760194,4999.99,1.0,asks,gemini
280,1551760194,3456.78,0.6321,bids,gemini
780,1551760194,5000.0,111.61323042,asks,gemini
281,1551760194,3456.0,0.17939814,bids,gemini
781,1551760194,5014.12,1.0,asks,gemini
282,1551760194,3455.0,0.08683068,bids,gemini
782,1551760194,5031.08,5.0,asks,gemini
283,1551760194,3453.1,0.87052213,bids,gemini
783,1551760194,5032.01,0.032802,asks,gemini
284,1551760194,3453.0,7.7324066,bids,gemini
784,1551760194,5038.0,0.05,asks,gemini
285,1551760194,3451.92,0.08690815,bids,gemini
785,1551760194,5049.0,0.22478617,asks,gemini
286,1551760194,3451.0,0.4624022,bids,gemini
786,1551760194,5050.0,0.25,asks,gemini
287,1551760194,3450.24,0.02898349,bids,gemini
787,1551760194,5051.0,0.01,asks,gemini
288,1551760194,3450.1,0.00026085,bids,gemini
788,1551760194,5060.0,1.02173913,asks,gemini
289,1551760194,3450.0,13.99602026,bids,gemini
789,1551760194,5074.69,5.0,asks,gemini
290,1551760194,3449.74,0.00707844,bids,gemini
790,1551760194,5080.0,10.0,asks,gemini
291,1551760194,3449.5,0.07174952,bids,gemini
791,1551760194,5100.0,3.57174544,asks,gemini
292,1551760194,3448.5,0.09163078,bids,gemini
792,1551760194,5103.48,0.071598,asks,gemini
293,1551760194,3448.0,1.0,bids,gemini
793,1551760194,5110.02,0.53174,asks,gemini
294,1551760194,3447.28,0.28493264,bids,gemini
794,1551760194,5150.0,0.5,asks,gemini
295,1551760194,3445.1,8.708e-05,bids,gemini
795,1551760194,5157.0,4.00000005,asks,gemini
296,1551760194,3445.0,1.04252039,bids,gemini
796,1551760194,5159.0,5.0,asks,gemini
297,1551760194,3444.15,0.01254142,bids,gemini
797,1551760194,5167.0,5.0,asks,gemini
298,1551760194,3443.44,0.01798792,bids,gemini
798,1551760194,5180.0,10.0,asks,gemini
299,1551760194,3441.85,0.00342183,bids,gemini
799,1551760194,5196.35,0.014177,asks,gemini
300,1551760194,3441.43,0.02883808,bids,gemini
800,1551760194,5200.0,0.09980039,asks,gemini
301,1551760194,3441.1,0.01798491,bids,gemini
801,1551760194,5219.0,0.5,asks,gemini
302,1551760194,3440.66,0.06172834,bids,gemini
802,1551760194,5231.51,0.16072425,asks,gemini
303,1551760194,3440.1,0.00011627,bids,gemini
803,1551760194,5243.0,0.1,asks,gemini
304,1551760194,3440.01,0.01075433,bids,gemini
804,1551760194,5280.0,10.04464285,asks,gemini
305,1551760194,3439.96,0.0070802,bids,gemini
805,1551760194,5285.0,3.0,asks,gemini
306,1551760194,3439.5,0.00597897,bids,gemini
806,1551760194,5300.0,0.16347313,asks,gemini
307,1551760194,3439.36,0.01439048,bids,gemini
807,1551760194,5319.81,0.52,asks,gemini
308,1551760194,3439.01,0.29188257,bids,gemini
808,1551760194,5330.0,0.007,asks,gemini
309,1551760194,3439.0,0.00707494,bids,gemini
809,1551760194,5342.0,0.5,asks,gemini
310,1551760194,3438.99,0.04707191,bids,gemini
810,1551760194,5357.0,0.05,asks,gemini
311,1551760194,3438.53,0.00797603,bids,gemini
811,1551760194,5376.8,0.26595745,asks,gemini
312,1551760194,3438.28,0.03252062,bids,gemini
812,1551760194,5380.0,10.19330856,asks,gemini
313,1551760194,3437.87,0.00070592,bids,gemini
813,1551760194,5388.0,0.085,asks,gemini
314,1551760194,3437.84,0.02164085,bids,gemini
814,1551760194,5392.8,0.5,asks,gemini
315,1551760194,3437.76,0.00710206,bids,gemini
815,1551760194,5397.0,0.05,asks,gemini
316,1551760194,3437.5,0.02036363,bids,gemini
816,1551760194,5399.0,0.25770138,asks,gemini
317,1551760194,3437.4,0.02161874,bids,gemini
817,1551760194,5406.0,0.1,asks,gemini
318,1551760194,3437.23,0.00707049,bids,gemini
818,1551760194,5414.12,1.0,asks,gemini
319,1551760194,3436.27,0.01072854,bids,gemini
819,1551760194,5418.0,0.26622381,asks,gemini
320,1551760194,3435.8,0.01991664,bids,gemini
820,1551760194,5435.0,65.0,asks,gemini
321,1551760194,3435.75,1.5625215,bids,gemini
821,1551760194,5440.0,0.1,asks,gemini
322,1551760194,3435.55,0.25,bids,gemini
822,1551760194,5450.0,0.26595745,asks,gemini
323,1551760194,3435.21,0.08338788,bids,gemini
823,1551760194,5480.0,10.0,asks,gemini
324,1551760194,3435.1,8.733e-05,bids,gemini
824,1551760194,5499.77,0.1,asks,gemini
325,1551760194,3434.73,0.0289429,bids,gemini
825,1551760194,5500.0,0.28139009,asks,gemini
326,1551760194,3434.34,0.05765882,bids,gemini
826,1551760194,5521.6,0.029179,asks,gemini
327,1551760194,3434.33,0.00887612,bids,gemini
827,1551760194,5550.0,0.26595745,asks,gemini
328,1551760194,3434.32,0.01256298,bids,gemini
828,1551760194,5559.8,0.5,asks,gemini
329,1551760194,3434.23,0.0253174,bids,gemini
829,1551760194,5564.76,0.05887,asks,gemini
330,1551760194,3434.16,0.01435538,bids,gemini
830,1551760194,5569.0,0.1,asks,gemini
331,1551760194,3432.83,0.00708553,bids,gemini
831,1551760194,5589.89,0.1470222,asks,gemini
332,1551760194,3432.37,0.08652913,bids,gemini
832,1551760194,5599.97,0.417,asks,gemini
333,1551760194,3432.02,0.04981891,bids,gemini
833,1551760194,5600.0,0.09090909,asks,gemini
334,1551760194,3431.98,0.00891449,bids,gemini
834,1551760194,5623.87,0.5,asks,gemini
335,1551760194,3431.84,0.01074497,bids,gemini
835,1551760194,5650.0,0.26595745,asks,gemini
336,1551760194,3431.74,0.4740322,bids,gemini
836,1551760194,5656.0,0.0921,asks,gemini
337,1551760194,3431.49,0.00891237,bids,gemini
837,1551760194,5680.0,1.0,asks,gemini
338,1551760194,3430.7,0.16585263,bids,gemini
838,1551760194,5690.0,0.03,asks,gemini
339,1551760194,3430.27,0.00709398,bids,gemini
839,1551760194,5693.99,0.5,asks,gemini
340,1551760194,3430.1,0.00011661,bids,gemini
840,1551760194,5699.97,0.1,asks,gemini
341,1551760194,3430.0,0.11546064,bids,gemini
841,1551760194,5700.0,0.63075439,asks,gemini
342,1551760194,3429.87,0.00712706,bids,gemini
842,1551760194,5714.22,0.10136875,asks,gemini
343,1551760194,3429.71,0.00620297,bids,gemini
843,1551760194,5720.0,0.01923076,asks,gemini
344,1551760194,3429.67,0.01529935,bids,gemini
844,1551760194,5723.2,0.026853,asks,gemini
345,1551760194,3429.49,0.00344462,bids,gemini
845,1551760194,5748.0,0.45627319,asks,gemini
346,1551760194,3429.1,0.19068081,bids,gemini
846,1551760194,5749.0,0.035,asks,gemini
347,1551760194,3428.99,0.02012254,bids,gemini
847,1551760194,5749.97,0.1,asks,gemini
348,1551760194,3428.45,0.00712196,bids,gemini
848,1551760194,5750.0,0.0353256,asks,gemini
349,1551760194,3428.24,0.01807321,bids,gemini
849,1551760194,5800.0,1.01,asks,gemini
350,1551760194,3427.61,0.00711197,bids,gemini
850,1551760194,5814.12,1.0,asks,gemini
351,1551760194,3426.88,0.02959543,bids,gemini
851,1551760194,5827.19,0.21,asks,gemini
352,1551760194,3426.76,0.00892507,bids,gemini
852,1551760194,5830.98,0.17398973,asks,gemini
353,1551760194,3426.55,0.00895199,bids,gemini
853,1551760194,5840.0,10.1,asks,gemini
354,1551760194,3426.26,0.01808504,bids,gemini
854,1551760194,5845.33,0.01796305,asks,gemini
355,1551760194,3425.97,0.01441247,bids,gemini
855,1551760194,5845.37,0.1936,asks,gemini
356,1551760194,3425.94,0.02,bids,gemini
856,1551760194,5899.97,0.1,asks,gemini
357,1551760194,3425.9,0.01441348,bids,gemini
857,1551760194,5900.0,0.3,asks,gemini
358,1551760194,3425.86,0.07294999,bids,gemini
858,1551760194,5900.99,0.4962387,asks,gemini
359,1551760194,3425.79,0.00345842,bids,gemini
859,1551760194,5937.0,0.1,asks,gemini
360,1551760194,3425.71,0.00711808,bids,gemini
860,1551760194,5940.0,0.01851851,asks,gemini
361,1551760194,3425.52,0.01079798,bids,gemini
861,1551760194,5949.4,0.1,asks,gemini
362,1551760194,3425.28,0.01808912,bids,gemini
862,1551760194,5950.0,0.14140148,asks,gemini
363,1551760194,3425.1,0.00014598,bids,gemini
863,1551760194,5977.0,0.1,asks,gemini
364,1551760194,3425.0,0.117,bids,gemini
864,1551760194,5984.81,1.0,asks,gemini
365,1551760194,3424.81,0.86815364,bids,gemini
865,1551760194,5995.0,0.003,asks,gemini
366,1551760194,3424.0,20.0,bids,gemini
866,1551760194,5997.0,0.07898905,asks,gemini
367,1551760194,3423.91,0.03645453,bids,gemini
867,1551760194,5999.0,0.035,asks,gemini
368,1551760194,3423.81,0.00896919,bids,gemini
868,1551760194,5999.97,0.1,asks,gemini
369,1551760194,3423.59,0.00896378,bids,gemini
869,1551760194,5999.99,0.30090005,asks,gemini
370,1551760194,3423.37,0.04560802,bids,gemini
870,1551760194,6000.0,5.42220036,asks,gemini
371,1551760194,3423.0,0.00346103,bids,gemini
871,1551760194,6070.0,1.0,asks,gemini
372,1551760194,3422.91,0.01261084,bids,gemini
872,1551760194,6100.0,0.38,asks,gemini
373,1551760194,3422.32,0.26225165,bids,gemini
873,1551760194,6111.0,1.0,asks,gemini
374,1551760194,3421.75,1.0,bids,gemini
874,1551760194,6160.0,0.01785714,asks,gemini
375,1551760194,3421.68,0.20592968,bids,gemini
875,1551760194,6163.41,7.0,asks,gemini
376,1551760194,3421.17,0.02000256,bids,gemini
876,1551760194,6197.87,0.07704292,asks,gemini
377,1551760194,3421.03,0.01812332,bids,gemini
877,1551760194,6200.0,0.54952437,asks,gemini
378,1551760194,3421.0,0.00540777,bids,gemini
878,1551760194,6249.0,0.285,asks,gemini
379,1551760194,3420.98,0.00345685,bids,gemini
879,1551760194,6300.0,4.2445,asks,gemini
380,1551760194,3420.9,0.39501479,bids,gemini
880,1551760194,6305.0,0.25471827,asks,gemini
381,1551760194,3420.59,0.0218397,bids,gemini
881,1551760194,6317.0,0.03202853,asks,gemini
382,1551760194,3420.53,0.02546266,bids,gemini
882,1551760194,6349.0,0.04428211,asks,gemini
383,1551760194,3420.22,0.00712706,bids,gemini
883,1551760194,6350.0,0.20222438,asks,gemini
384,1551760194,3420.1,0.00020466,bids,gemini
884,1551760194,6380.0,0.01724137,asks,gemini
385,1551760194,3420.0,3.67239426,bids,gemini
885,1551760194,6383.99,0.08852864,asks,gemini
386,1551760194,3419.99,0.03281191,bids,gemini
886,1551760194,6390.0,0.02347418,asks,gemini
387,1551760194,3419.55,0.0659775,bids,gemini
887,1551760194,6400.0,1.21131443,asks,gemini
388,1551760194,3419.5,7.131e-05,bids,gemini
888,1551760194,6410.0,0.02059283,asks,gemini
389,1551760194,3419.46,0.21543837,bids,gemini
889,1551760194,6430.0,0.0311042,asks,gemini
390,1551760194,3419.07,0.0034591,bids,gemini
890,1551760194,6450.0,8.5,asks,gemini
391,1551760194,3418.11,0.01081551,bids,gemini
891,1551760194,6470.0,0.003,asks,gemini
392,1551760194,3417.91,0.00897411,bids,gemini
892,1551760194,6477.0,0.06,asks,gemini
393,1551760194,3417.88,0.04747813,bids,gemini
893,1551760194,6499.0,0.33043033,asks,gemini
394,1551760194,3417.26,0.03653865,bids,gemini
894,1551760194,6499.99,0.04078348,asks,gemini
395,1551760194,3417.06,0.35984115,bids,gemini
895,1551760194,6500.0,3.4957653,asks,gemini
396,1551760194,3416.69,0.01811445,bids,gemini
896,1551760194,6520.0,0.25,asks,gemini
397,1551760194,3416.47,0.13734699,bids,gemini
897,1551760194,6540.0,0.3058104,asks,gemini
398,1551760194,3416.11,0.00346505,bids,gemini
898,1551760194,6545.2,0.51550499,asks,gemini
399,1551760194,3416.1,0.00806453,bids,gemini
899,1551760194,6549.89,3.84739286,asks,gemini
400,1551760194,3415.79,0.14491523,bids,gemini
900,1551760194,6550.0,0.97437938,asks,gemini
401,1551760194,3415.74,0.01819467,bids,gemini
901,1551760194,6584.0,0.06,asks,gemini
402,1551760194,3415.73,0.01541888,bids,gemini
902,1551760194,6598.28,0.0020184,asks,gemini
403,1551760194,3415.36,0.02183247,bids,gemini
903,1551760194,6600.0,1.4007685,asks,gemini
404,1551760194,3415.26,0.56968622,bids,gemini
904,1551760194,6612.0,0.2,asks,gemini
405,1551760194,3415.16,0.003494,bids,gemini
905,1551760194,6626.29,7.0,asks,gemini
406,1551760194,3415.06,0.00805891,bids,gemini
906,1551760194,6630.0,0.01099526,asks,gemini
407,1551760194,3414.94,0.02731439,bids,gemini
907,1551760194,6649.0,0.03185,asks,gemini
408,1551760194,3414.88,0.01543363,bids,gemini
908,1551760194,6654.0,0.0921,asks,gemini
409,1551760194,3414.6,0.01820337,bids,gemini
909,1551760194,6690.0,0.58,asks,gemini
410,1551760194,3414.51,0.05490596,bids,gemini
910,1551760194,6700.0,1.34614101,asks,gemini
411,1551760194,3414.11,0.0034698,bids,gemini
911,1551760194,6720.0,0.06,asks,gemini
412,1551760194,3413.94,0.02276979,bids,gemini
912,1551760194,6735.49,7.0,asks,gemini
413,1551760194,3413.91,0.02183443,bids,gemini
913,1551760194,6750.0,1.46886047,asks,gemini
414,1551760194,3413.83,0.01079248,bids,gemini
914,1551760194,6760.0,0.11536247,asks,gemini
415,1551760194,3413.08,0.29068085,bids,gemini
915,1551760194,6761.53,0.31279409,asks,gemini
416,1551760194,3412.88,0.02095727,bids,gemini
916,1551760194,6778.88,3.0,asks,gemini
417,1551760194,3412.79,0.02922874,bids,gemini
917,1551760194,6793.0,2.56512502,asks,gemini
418,1551760194,3412.41,0.01453475,bids,gemini
918,1551760194,6800.0,0.67078297,asks,gemini
419,1551760194,3412.4,0.01451443,bids,gemini
919,1551760194,6814.0,0.06,asks,gemini
420,1551760194,3411.93,0.1243904,bids,gemini
920,1551760194,6839.29,0.00752144,asks,gemini
421,1551760194,3411.89,0.00716149,bids,gemini
921,1551760194,6845.0,0.00146093,asks,gemini
422,1551760194,3411.32,0.20135428,bids,gemini
922,1551760194,6850.0,0.3,asks,gemini
423,1551760194,3411.11,9.827e-05,bids,gemini
923,1551760194,6852.51,0.1,asks,gemini
424,1551760194,3411.06,0.3478,bids,gemini
924,1551760194,6865.33,0.1,asks,gemini
425,1551760194,3410.46,0.1651122,bids,gemini
925,1551760194,6876.08,0.1,asks,gemini
426,1551760194,3410.1,0.00011729,bids,gemini
926,1551760194,6880.0,0.025,asks,gemini
427,1551760194,3410.0,1.46929617,bids,gemini
927,1551760194,6882.0,0.01603303,asks,gemini
428,1551760194,3409.77,0.0145171,bids,gemini
928,1551760194,6898.0,0.0318725,asks,gemini
429,1551760194,3409.56,0.02926815,bids,gemini
929,1551760194,6898.95,2.6,asks,gemini
430,1551760194,3409.27,0.01450176,bids,gemini
930,1551760194,6900.0,0.28539578,asks,gemini
431,1551760194,3408.95,0.13776298,bids,gemini
931,1551760194,6950.0,0.1,asks,gemini
432,1551760194,3408.56,0.00146689,bids,gemini
932,1551760194,6954.58,0.2,asks,gemini
433,1551760194,3408.51,0.00439881,bids,gemini
933,1551760194,6970.0,0.07173602,asks,gemini
434,1551760194,3407.69,0.04401808,bids,gemini
934,1551760194,6972.65,0.55,asks,gemini
435,1551760194,3406.69,0.01823181,bids,gemini
935,1551760194,6987.54,0.04809496,asks,gemini
436,1551760194,3406.56,0.01818709,bids,gemini
936,1551760194,6988.88,0.08803238,asks,gemini
437,1551760194,3405.0,39.07767988,bids,gemini
937,1551760194,6997.03,0.0028926,asks,gemini
438,1551760194,3404.69,0.00346703,bids,gemini
938,1551760194,6998.87,1.0,asks,gemini
439,1551760194,3403.76,0.07454112,bids,gemini
939,1551760194,6999.0,0.12292,asks,gemini
440,1551760194,3402.99,0.03655984,bids,gemini
940,1551760194,6999.96,0.00222,asks,gemini
441,1551760194,3402.85,1e-05,bids,gemini
941,1551760194,7000.0,8.48098847,asks,gemini
442,1551760194,3402.61,0.00898001,bids,gemini
942,1551760194,7033.0,0.005,asks,gemini
443,1551760194,3402.41,0.010656,bids,gemini
943,1551760194,7100.0,1.11927246,asks,gemini
444,1551760194,3402.17,4.0,bids,gemini
944,1551760194,7111.0,0.09,asks,gemini
445,1551760194,3401.25,0.03202646,bids,gemini
945,1551760194,7122.64,0.06,asks,gemini
446,1551760194,3401.0,0.28194647,bids,gemini
946,1551760194,7124.5,0.2,asks,gemini
447,1551760194,3400.75,0.02560702,bids,gemini
947,1551760194,7126.01,0.01911879,asks,gemini
448,1551760194,3400.56,0.02940692,bids,gemini
948,1551760194,7139.57,0.0919887,asks,gemini
449,1551760194,3400.5,0.05512204,bids,gemini
949,1551760194,7150.0,0.16993007,asks,gemini
450,1551760194,3400.1,0.00026469,bids,gemini
950,1551760194,7189.66,0.06954432,asks,gemini
451,1551760194,3400.0,27.04699989,bids,gemini
951,1551760194,7199.99,0.00891843,asks,gemini
452,1551760194,3399.82,0.01825383,bids,gemini
952,1551760194,7200.0,15.87494139,asks,gemini
453,1551760194,3399.47,0.00902332,bids,gemini
953,1551760194,7236.0,0.00138198,asks,gemini
454,1551760194,3395.67,1.8695,bids,gemini
954,1551760194,7249.0,0.02733,asks,gemini
455,1551760194,3395.04,2.1,bids,gemini
955,1551760194,7250.0,1.36,asks,gemini
456,1551760194,3395.0,0.1664212,bids,gemini
956,1551760194,7255.0,0.11,asks,gemini
457,1551760194,3394.63,0.00806494,bids,gemini
957,1551760194,7280.0,0.01,asks,gemini
458,1551760194,3393.45,0.02186267,bids,gemini
958,1551760194,7290.0,0.2,asks,gemini
459,1551760194,3392.67,0.05108763,bids,gemini
959,1551760194,7300.0,1.15007933,asks,gemini
460,1551760194,3391.03,0.01089186,bids,gemini
960,1551760194,7350.0,0.1085,asks,gemini
461,1551760194,3391.02,0.00256298,bids,gemini
961,1551760194,7352.0,0.005,asks,gemini
462,1551760194,3390.32,0.01458172,bids,gemini
962,1551760194,7393.0,0.5,asks,gemini
463,1551760194,3390.13,0.02177941,bids,gemini
963,1551760194,7399.0,1.00335022,asks,gemini
464,1551760194,3390.12,1.37623592,bids,gemini
964,1551760194,7400.0,2.13754685,asks,gemini
465,1551760194,3390.1,8.849e-05,bids,gemini
965,1551760194,7435.24,0.01814581,asks,gemini
466,1551760194,3390.08,0.14779232,bids,gemini
966,1551760194,7450.0,0.18420625,asks,gemini
467,1551760194,3390.0,1.07346016,bids,gemini
967,1551760194,7456.0,0.00247167,asks,gemini
468,1551760194,3389.17,0.00905249,bids,gemini
968,1551760194,7459.63,0.00078853,asks,gemini
469,1551760194,3388.88,0.0812,bids,gemini
969,1551760194,7474.0,1.0,asks,gemini
470,1551760194,3388.06,0.00906293,bids,gemini
970,1551760194,7474.75,1.0,asks,gemini
471,1551760194,3388.0,1.1,bids,gemini
971,1551760194,7490.0,0.0082,asks,gemini
472,1551760194,3386.1,0.00997492,bids,gemini
972,1551760194,7490.03,0.3,asks,gemini
473,1551760194,3385.0,4.7915,bids,gemini
973,1551760194,7496.0,0.02816369,asks,gemini
474,1551760194,3383.6,0.02012017,bids,gemini
974,1551760194,7499.0,0.025,asks,gemini
475,1551760194,3383.12,4.0,bids,gemini
975,1551760194,7500.0,3.60399795,asks,gemini
476,1551760194,3381.53,0.03319068,bids,gemini
976,1551760194,7508.0,0.01,asks,gemini
477,1551760194,3381.11,0.14788042,bids,gemini
977,1551760194,7515.12,1.29021981,asks,gemini
478,1551760194,3380.1,8.875e-05,bids,gemini
978,1551760194,7525.77,0.31680487,asks,gemini
479,1551760194,3380.0,1.46428697,bids,gemini
979,1551760194,7540.0,25.0,asks,gemini
480,1551760194,3378.61,0.01621968,bids,gemini
980,1551760194,7544.07,0.0151773,asks,gemini
481,1551760194,3377.0,1.144228,bids,gemini
981,1551760194,7550.0,0.00140639,asks,gemini
482,1551760194,3376.39,0.03,bids,gemini
982,1551760194,7554.95,0.1,asks,gemini
483,1551760194,3375.1,0.00014814,bids,gemini
983,1551760194,7559.74,0.20338983,asks,gemini
484,1551760194,3375.0,1.53007406,bids,gemini
984,1551760194,7560.0,0.06,asks,gemini
485,1551760194,3374.0,0.00207468,bids,gemini
985,1551760194,7569.97,0.07296992,asks,gemini
486,1551760194,3370.1,8.901e-05,bids,gemini
986,1551760194,7575.0,0.08,asks,gemini
487,1551760194,3370.0,0.05876261,bids,gemini
987,1551760194,7579.0,0.25340353,asks,gemini
488,1551760194,3362.0,0.03786139,bids,gemini
988,1551760194,7600.0,0.63664837,asks,gemini
489,1551760194,3360.93,0.2,bids,gemini
989,1551760194,7601.27,0.0533491,asks,gemini
490,1551760194,3360.1,8.928e-05,bids,gemini
990,1551760194,7610.0,0.02367415,asks,gemini
491,1551760194,3360.0,0.01473214,bids,gemini
991,1551760194,7630.0,0.03,asks,gemini
492,1551760194,3359.58,0.00892968,bids,gemini
992,1551760194,7640.0,0.1,asks,gemini
493,1551760194,3355.0,0.05961251,bids,gemini
993,1551760194,7670.0,0.01706902,asks,gemini
494,1551760194,3353.03,0.8,bids,gemini
994,1551760194,7680.0,1.0,asks,gemini
495,1551760194,3352.28,0.8,bids,gemini
995,1551760194,7698.88,0.01313,asks,gemini
496,1551760194,3351.67,0.11725498,bids,gemini
996,1551760194,7700.0,0.06493507,asks,gemini
497,1551760194,3351.0,0.03692927,bids,gemini
997,1551760194,7729.0,0.01771051,asks,gemini
498,1551760194,3350.1,0.00014924,bids,gemini
998,1551760194,7740.0,0.1,asks,gemini
499,1551760194,3350.0,7.18128953,bids,gemini
999,1551760194,7750.0,0.066,asks,gemini
1000,1551760195,3700.76,1.0,bids,gemini
1500,1551760195,3701.18,2.40274209,asks,gemini
1001,1551760195,3700.46,0.69773012,bids,gemini
1501,1551760195,3701.65,3.0,asks,gemini
1002,1551760195,3700.24,2.0,bids,gemini
1502,1551760195,3701.88,3.0,asks,gemini
1003,1551760195,3700.06,1.0,bids,gemini
1503,1551760195,3702.0,0.29032877,asks,gemini
1004,1551760195,3699.47,10.7517,bids,gemini
1504,1551760195,3702.3,2.0,asks,gemini
1005,1551760195,3698.63,0.027583,bids,gemini
1505,1551760195,3702.9,0.5,asks,gemini
1006,1551760195,3696.96,0.44906532,bids,gemini
1506,1551760195,3702.96,0.5,asks,gemini
1007,1551760195,3696.95,3.7631,bids,gemini
1507,1551760195,3703.07,4.0,asks,gemini
1008,1551760195,3696.84,0.5,bids,gemini
1508,1551760195,3706.04,4.2,asks,gemini
1009,1551760195,3696.38,0.5,bids,gemini
1509,1551760195,3706.81,1.436,asks,gemini
1010,1551760195,3695.93,50.0,bids,gemini
1510,1551760195,3707.47,2.0,asks,gemini
1011,1551760195,3695.9,2.88,bids,gemini
1511,1551760195,3707.48,5.4901,asks,gemini
1012,1551760195,3695.41,4.7,bids,gemini
1512,1551760195,3707.63,50.0,asks,gemini
1013,1551760195,3695.4,0.02679006,bids,gemini
1513,1551760195,3707.9,0.027583,asks,gemini
1014,1551760195,3695.0,2e-09,bids,gemini
1514,1551760195,3707.91,1.191,asks,gemini
1015,1551760195,3694.8,3.173,bids,gemini
1515,1551760195,3708.79,3.9592,asks,gemini
1016,1551760195,3694.39,0.3,bids,gemini
1516,1551760195,3709.4,2.5,asks,gemini
1017,1551760195,3694.21,0.0268041,bids,gemini
1517,1551760195,3710.37,3.44,asks,gemini
1018,1551760195,3693.84,0.54144196,bids,gemini
1518,1551760195,3711.12,15.1088,asks,gemini
1019,1551760195,3693.81,4.6,bids,gemini
1519,1551760195,3711.59,0.622,asks,gemini
1020,1551760195,3693.33,14.4,bids,gemini
1520,1551760195,3711.99,4.8666,asks,gemini
1021,1551760195,3692.35,5.9452,bids,gemini
1521,1551760195,3712.58,0.3,asks,gemini
1022,1551760195,3690.95,4.88,bids,gemini
1522,1551760195,3713.47,4.4,asks,gemini
1023,1551760195,3690.85,0.01354701,bids,gemini
1523,1551760195,3714.78,3.7692,asks,gemini
1024,1551760195,3690.76,0.574,bids,gemini
1524,1551760195,3714.88,13.642,asks,gemini
1025,1551760195,3690.32,0.008,bids,gemini
1525,1551760195,3714.9,3.49,asks,gemini
1026,1551760195,3689.77,12.65,bids,gemini
1526,1551760195,3716.3,1.923,asks,gemini
1027,1551760195,3689.44,3.4,bids,gemini
1527,1551760195,3716.38,4.0807,asks,gemini
1028,1551760195,3688.29,10.81,bids,gemini
1528,1551760195,3717.37,16.6,asks,gemini
1029,1551760195,3688.0,0.01355748,bids,gemini
1529,1551760195,3717.63,40.0,asks,gemini
1030,1551760195,3687.79,5.17,bids,gemini
1530,1551760195,3717.68,5.7,asks,gemini
1031,1551760195,3687.11,0.62,bids,gemini
1531,1551760195,3718.5,0.1,asks,gemini
1032,1551760195,3686.86,16.7,bids,gemini
1532,1551760195,3719.26,7.11,asks,gemini
1033,1551760195,3686.31,3.99,bids,gemini
1533,1551760195,3720.7,3.8,asks,gemini
1034,1551760195,3686.06,2.425,bids,gemini
1534,1551760195,3721.96,16.2,asks,gemini
1035,1551760195,3685.85,0.025,bids,gemini
1535,1551760195,3722.2,0.1,asks,gemini
1036,1551760195,3685.0,0.05427408,bids,gemini
1536,1551760195,3722.28,5.6095,asks,gemini
1037,1551760195,3684.88,4.731,bids,gemini
1537,1551760195,3724.8,12.76,asks,gemini
1038,1551760195,3684.39,2.0,bids,gemini
1538,1551760195,3733.25,3.015,asks,gemini
1039,1551760195,3684.0,0.17643865,bids,gemini
1539,1551760195,3733.3,0.1,asks,gemini
1040,1551760195,3683.37,5.6,bids,gemini
1540,1551760195,3736.4,2.0,asks,gemini
1041,1551760195,3683.0,0.16184727,bids,gemini
1541,1551760195,3737.37,1.0,asks,gemini
1042,1551760195,3682.56,0.00135775,bids,gemini
1542,1551760195,3740.0,0.1,asks,gemini
1043,1551760195,3682.0,0.01656708,bids,gemini
1543,1551760195,3740.42,0.17940378,asks,gemini
1044,1551760195,3681.95,5.2,bids,gemini
1544,1551760195,3750.0,0.3,asks,gemini
1045,1551760195,3681.84,12.8,bids,gemini
1545,1551760195,3750.05,6.24,asks,gemini
1046,1551760195,3681.0,5.0,bids,gemini
1546,1551760195,3750.3,0.8,asks,gemini
1047,1551760195,3680.66,13.26,bids,gemini
1547,1551760195,3760.0,0.1997384,asks,gemini
1048,1551760195,3680.36,5.9,bids,gemini
1548,1551760195,3761.42,20.0,asks,gemini
1049,1551760195,3680.1,9.51e-05,bids,gemini
1549,1551760195,3766.85,8.154,asks,gemini
1050,1551760195,3680.0,1.7707453,bids,gemini
1550,1551760195,3767.93,0.00234715,asks,gemini
1051,1551760195,3675.0,0.17931971,bids,gemini
1551,1551760195,3768.0,1.25,asks,gemini
1052,1551760195,3674.39,0.00673581,bids,gemini
1552,1551760195,3783.66,13.836,asks,gemini
1053,1551760195,3674.0,0.25,bids,gemini
1553,1551760195,3785.23,12.0,asks,gemini
1054,1551760195,3671.79,40.0,bids,gemini
1554,1551760195,3802.0,0.2,asks,gemini
1055,1551760195,3670.1,9.536e-05,bids,gemini
1555,1551760195,3808.81,0.01008189,asks,gemini
1056,1551760195,3670.0,0.26,bids,gemini
1556,1551760195,3809.01,0.05,asks,gemini
1057,1551760195,3669.69,0.05,bids,gemini
1557,1551760195,3809.99,29.86681594,asks,gemini
1058,1551760195,3669.11,2.68,bids,gemini
1558,1551760195,3815.2,0.1,asks,gemini
1059,1551760195,3669.0,0.13491414,bids,gemini
1559,1551760195,3817.01,0.0088767,asks,gemini
1060,1551760195,3668.0,0.02,bids,gemini
1560,1551760195,3823.0,3.13688737,asks,gemini
1061,1551760195,3667.0,0.13498772,bids,gemini
1561,1551760195,3838.85,3.33,asks,gemini
1062,1551760195,3665.95,0.25,bids,gemini
1562,1551760195,3840.0,1.9995,asks,gemini
1063,1551760195,3665.71,0.01355262,bids,gemini
1563,1551760195,3843.0,0.02603851,asks,gemini
1064,1551760195,3665.21,0.00272289,bids,gemini
1564,1551760195,3848.04,0.34331272,asks,gemini
1065,1551760195,3665.0,0.10272851,bids,gemini
1565,1551760195,3848.26,0.01,asks,gemini
1066,1551760195,3663.0,1.0,bids,gemini
1566,1551760195,3850.0,1.42008205,asks,gemini
1067,1551760195,3662.0,0.01665756,bids,gemini
1567,1551760195,3850.85,0.68,asks,gemini
1068,1551760195,3660.1,9.562e-05,bids,gemini
1568,1551760195,3860.0,10.0,asks,gemini
1069,1551760195,3660.0,1.4306448,bids,gemini
1569,1551760195,3861.41,0.01462653,asks,gemini
1070,1551760195,3655.09,0.00136795,bids,gemini
1570,1551760195,3864.93,0.01,asks,gemini
1071,1551760195,3655.0,3.55677154,bids,gemini
1571,1551760195,3870.0,5.0,asks,gemini
1072,1551760195,3654.68,3.0,bids,gemini
1572,1551760195,3875.0,0.20231,asks,gemini
1073,1551760195,3652.98,0.05474982,bids,gemini
1573,1551760195,3883.48,0.08,asks,gemini
1074,1551760195,3652.31,4.652,bids,gemini
1574,1551760195,3887.0,10.0,asks,gemini
1075,1551760195,3651.0,0.05395781,bids,gemini
1575,1551760195,3887.5,0.17150605,asks,gemini
1076,1551760195,3650.8,0.00547825,bids,gemini
1576,1551760195,3890.0,1.0,asks,gemini
1077,1551760195,3650.5,0.027,bids,gemini
1577,1551760195,3894.01,1.3241876,asks,gemini
1078,1551760195,3650.34,0.00821841,bids,gemini
1578,1551760195,3899.0,19.99024072,asks,gemini
1079,1551760195,3650.1,9.588e-05,bids,gemini
1579,1551760195,3900.0,7.66267469,asks,gemini
1080,1551760195,3650.0,16.33362348,bids,gemini
1580,1551760195,3904.69,0.07683069,asks,gemini
1081,1551760195,3649.32,0.13701182,bids,gemini
1581,1551760195,3905.0,0.2,asks,gemini
1082,1551760195,3645.0,0.06866597,bids,gemini
1582,1551760195,3919.0,7.02323696,asks,gemini
1083,1551760195,3643.0,0.0527642,bids,gemini
1583,1551760195,3920.0,0.00258902,asks,gemini
1084,1551760195,3642.74,0.136,bids,gemini
1584,1551760195,3929.0,1.0,asks,gemini
1085,1551760195,3642.42,0.1,bids,gemini
1585,1551760195,3930.0,0.01043539,asks,gemini
1086,1551760195,3642.0,0.29004666,bids,gemini
1586,1551760195,3938.88,0.1,asks,gemini
1087,1551760195,3640.97,0.20598906,bids,gemini
1587,1551760195,3940.0,0.081,asks,gemini
1088,1551760195,3640.73,0.001668,bids,gemini
1588,1551760195,3949.0,2.0,asks,gemini
1089,1551760195,3640.1,9.615e-05,bids,gemini
1589,1551760195,3981.0,0.05,asks,gemini
1090,1551760195,3640.0,0.275989,bids,gemini
1590,1551760195,3990.0,1.6324538,asks,gemini
1091,1551760195,3636.36,0.0544528,bids,gemini
1591,1551760195,3993.38,0.22,asks,gemini
1092,1551760195,3636.0,2.0,bids,gemini
1592,1551760195,3998.0,28.08842652,asks,gemini
1093,1551760195,3635.51,12.951,bids,gemini
1593,1551760195,3998.62,0.02666,asks,gemini
1094,1551760195,3635.0,1.0178817,bids,gemini
1594,1551760195,3999.0,0.78359402,asks,gemini
1095,1551760195,3630.4,0.5,bids,gemini
1595,1551760195,4000.0,12.43421379,asks,gemini
1096,1551760195,3630.1,9.641e-05,bids,gemini
1596,1551760195,4003.0,2.0,asks,gemini
1097,1551760195,3630.0,0.132,bids,gemini
1597,1551760195,4009.0,0.2,asks,gemini
1098,1551760195,3628.0,1.5,bids,gemini
1598,1551760195,4010.0,1.26043617,asks,gemini
1099,1551760195,3626.55,0.1366395,bids,gemini
1599,1551760195,4010.85,0.001578,asks,gemini
1100,1551760195,3625.78,0.01379013,bids,gemini
1600,1551760195,4011.0,1.0,asks,gemini
1101,1551760195,3625.06,0.00137928,bids,gemini
1601,1551760195,4021.0,0.5,asks,gemini
1102,1551760195,3625.0,20.75,bids,gemini
1602,1551760195,4033.0,0.08,asks,gemini
1103,1551760195,3624.3,0.01931407,bids,gemini
1603,1551760195,4038.38,0.05,asks,gemini
1104,1551760195,3622.0,0.01684152,bids,gemini
1604,1551760195,4050.0,1.93,asks,gemini
1105,1551760195,3620.5,0.02762049,bids,gemini
1605,1551760195,4070.0,0.00052978,asks,gemini
1106,1551760195,3620.1,9.668e-05,bids,gemini
1606,1551760195,4078.0,5.0,asks,gemini
1107,1551760195,3620.0,0.15469613,bids,gemini
1607,1551760195,4080.0,0.21,asks,gemini
1108,1551760195,3619.39,20.0,bids,gemini
1608,1551760195,4088.0,0.05,asks,gemini
1109,1551760195,3618.7,12.604,bids,gemini
1609,1551760195,4097.0,2.0,asks,gemini
1110,1551760195,3617.8,1.0,bids,gemini
1610,1551760195,4098.0,10.0,asks,gemini
1111,1551760195,3615.41,0.5475,bids,gemini
1611,1551760195,4100.0,8.70705298,asks,gemini
1112,1551760195,3611.06,0.327,bids,gemini
1612,1551760195,4105.0,0.2,asks,gemini
1113,1551760195,3610.1,9.695e-05,bids,gemini
1613,1551760195,4111.0,0.5,asks,gemini
1114,1551760195,3610.0,0.02027701,bids,gemini
1614,1551760195,4125.0,0.38204919,asks,gemini
1115,1551760195,3609.56,0.00138521,bids,gemini
1615,1551760195,4126.91,5.0,asks,gemini
1116,1551760195,3609.27,0.00678807,bids,gemini
1616,1551760195,4131.0,0.5,asks,gemini
1117,1551760195,3608.81,0.02702275,bids,gemini
1617,1551760195,4137.0,0.94813641,asks,gemini
1118,1551760195,3608.0,0.651,bids,gemini
1618,1551760195,4138.0,0.05,asks,gemini
1119,1551760195,3605.87,0.27460779,bids,gemini
1619,1551760195,4139.01,4.0,asks,gemini
1120,1551760195,3605.51,0.08320598,bids,gemini
1620,1551760195,4140.0,0.7,asks,gemini
1121,1551760195,3605.0,0.02875728,bids,gemini
1621,1551760195,4150.0,11.17824097,asks,gemini
1122,1551760195,3603.12,0.27753724,bids,gemini
1622,1551760195,4150.3,0.02652519,asks,gemini
1123,1551760195,3603.0,0.25,bids,gemini
1623,1551760195,4150.67,0.005952,asks,gemini
1124,1551760195,3602.95,12.0,bids,gemini
1624,1551760195,4154.32,5.0,asks,gemini
1125,1551760195,3602.73,0.01110269,bids,gemini
1625,1551760195,4167.0,0.0921,asks,gemini
1126,1551760195,3602.56,0.13879019,bids,gemini
1626,1551760195,4171.0,21.28558009,asks,gemini
1127,1551760195,3601.11,4.16538234,bids,gemini
1627,1551760195,4172.72,0.006721,asks,gemini
1128,1551760195,3601.0,20.48958622,bids,gemini
1628,1551760195,4180.0,1.0,asks,gemini
1129,1551760195,3600.87,0.00138855,bids,gemini
1629,1551760195,4181.82,5.0,asks,gemini
1130,1551760195,3600.42,0.02777453,bids,gemini
1630,1551760195,4185.0,0.0588122,asks,gemini
1131,1551760195,3600.24,0.19304268,bids,gemini
1631,1551760195,4186.41,0.5,asks,gemini
1132,1551760195,3600.1,9.721e-05,bids,gemini
1632,1551760195,4188.88,0.1,asks,gemini
1133,1551760195,3600.0,16.76353699,bids,gemini
1633,1551760195,4190.0,0.5,asks,gemini
1134,1551760195,3599.06,0.00138925,bids,gemini
1634,1551760195,4195.0,0.55959476,asks,gemini
1135,1551760195,3597.0,2.4429,bids,gemini
1635,1551760195,4195.34,0.05,asks,gemini
1136,1551760195,3595.0,1.15,bids,gemini
1636,1551760195,4196.0,1.17795656,asks,gemini
1137,1551760195,3591.97,0.1378213,bids,gemini
1637,1551760195,4197.0,2.0,asks,gemini
1138,1551760195,3590.1,9.749e-05,bids,gemini
1638,1551760195,4197.09,0.05,asks,gemini
1139,1551760195,3589.99,0.02757946,bids,gemini
1639,1551760195,4200.0,14.48919184,asks,gemini
1140,1551760195,3589.0,0.08045137,bids,gemini
1640,1551760195,4203.0,5.0,asks,gemini
1141,1551760195,3588.0,0.1393534,bids,gemini
1641,1551760195,4205.0,0.15,asks,gemini
1142,1551760195,3587.87,0.01,bids,gemini
1642,1551760195,4205.91,0.25791973,asks,gemini
1143,1551760195,3587.68,0.0054,bids,gemini
1643,1551760195,4209.32,22.0,asks,gemini
1144,1551760195,3587.44,0.05575006,bids,gemini
1644,1551760195,4212.36,0.05,asks,gemini
1145,1551760195,3587.19,0.02787697,bids,gemini
1645,1551760195,4222.0,0.5,asks,gemini
1146,1551760195,3582.7,0.13817511,bids,gemini
1646,1551760195,4227.19,0.2,asks,gemini
1147,1551760195,3580.93,0.08293934,bids,gemini
1647,1551760195,4230.0,1.0,asks,gemini
1148,1551760195,3580.26,0.01382581,bids,gemini
1648,1551760195,4234.0,0.3,asks,gemini
1149,1551760195,3580.1,9.776e-05,bids,gemini
1649,1551760195,4240.0,10.0,asks,gemini
1150,1551760195,3580.0,1.01698324,bids,gemini
1650,1551760195,4246.0,28.0,asks,gemini
1151,1551760195,3579.0,0.19474713,bids,gemini
1651,1551760195,4250.0,33.24867807,asks,gemini
1152,1551760195,3577.76,0.02096283,bids,gemini
1652,1551760195,4262.74,11.0,asks,gemini
1153,1551760195,3577.0,1.0,bids,gemini
1653,1551760195,4264.48,0.006829,asks,gemini
1154,1551760195,3575.0,1.48197201,bids,gemini
1654,1551760195,4269.0,0.1,asks,gemini
1155,1551760195,3572.83,8.0,bids,gemini
1655,1551760195,4285.52,0.07554787,asks,gemini
1156,1551760195,3570.74,0.01840784,bids,gemini
1656,1551760195,4288.88,0.05,asks,gemini
1157,1551760195,3570.1,9.803e-05,bids,gemini
1657,1551760195,4289.9,0.017155,asks,gemini
1158,1551760195,3570.0,0.86483586,bids,gemini
1658,1551760195,4290.0,5.0,asks,gemini
1159,1551760195,3569.32,0.00700413,bids,gemini
1659,1551760195,4294.0,0.03175362,asks,gemini
1160,1551760195,3568.76,5.0,bids,gemini
1660,1551760195,4299.0,0.1,asks,gemini
1161,1551760195,3568.0,0.07286995,bids,gemini
1661,1551760195,4300.0,11.625,asks,gemini
1162,1551760195,3567.89,0.277505,bids,gemini
1662,1551760195,4320.0,1.0,asks,gemini
1163,1551760195,3567.0,0.3,bids,gemini
1663,1551760195,4321.0,0.1,asks,gemini
1164,1551760195,3566.0,0.266,bids,gemini
1664,1551760195,4324.11,0.007978,asks,gemini
1165,1551760195,3565.0,0.00561009,bids,gemini
1665,1551760195,4325.0,1.5,asks,gemini
1166,1551760195,3563.42,0.042,bids,gemini
1666,1551760195,4329.29,0.007719,asks,gemini
1167,1551760195,3562.0,0.01965188,bids,gemini
1667,1551760195,4333.0,2.05,asks,gemini
1168,1551760195,3560.1,0.00066009,bids,gemini
1668,1551760195,4335.47,6.5181103,asks,gemini
1169,1551760195,3560.0,0.3968455,bids,gemini
1669,1551760195,4340.0,10.0,asks,gemini
1170,1551760195,3556.83,0.01,bids,gemini
1670,1551760195,4343.0,0.00921024,asks,gemini
1171,1551760195,3556.0,0.001,bids,gemini
1671,1551760195,4344.78,1.0,asks,gemini
1172,1551760195,3555.82,0.05787694,bids,gemini
1672,1551760195,4345.0,48.2,asks,gemini
1173,1551760195,3555.78,0.01265545,bids,gemini
1673,1551760195,4345.33,11.0,asks,gemini
1174,1551760195,3555.55,0.0028125,bids,gemini
1674,1551760195,4346.4,0.001455,asks,gemini
1175,1551760195,3555.51,0.06750086,bids,gemini
1675,1551760195,4350.0,0.53011875,asks,gemini
1176,1551760195,3555.14,0.02813,bids,gemini
1676,1551760195,4353.0,0.1,asks,gemini
1177,1551760195,3555.0,0.72574401,bids,gemini
1677,1551760195,4360.0,0.52316973,asks,gemini
1178,1551760195,3554.23,0.4,bids,gemini
1678,1551760195,4375.0,0.5,asks,gemini
1179,1551760195,3551.14,0.050425,bids,gemini
1679,1551760195,4380.0,0.02114542,asks,gemini
1180,1551760195,3551.0,0.06892423,bids,gemini
1680,1551760195,4387.0,0.1,asks,gemini
1181,1551760195,3550.32,0.00140832,bids,gemini
1681,1551760195,4388.0,0.126,asks,gemini
1182,1551760195,3550.1,0.00207035,bids,gemini
1682,1551760195,4391.0,0.34,asks,gemini
1183,1551760195,3550.01,0.01215771,bids,gemini
1683,1551760195,4399.0,0.1,asks,gemini
1184,1551760195,3550.0,2.90219716,bids,gemini
1684,1551760195,4400.0,8.66147108,asks,gemini
1185,1551760195,3548.25,0.35,bids,gemini
1685,1551760195,4410.0,0.15105279,asks,gemini
1186,1551760195,3545.1,0.00056415,bids,gemini
1686,1551760195,4425.0,0.5,asks,gemini
1187,1551760195,3545.09,0.0014104,bids,gemini
1687,1551760195,4427.74,20.0,asks,gemini
1188,1551760195,3544.0,0.00028217,bids,gemini
1688,1551760195,4432.42,7.0,asks,gemini
1189,1551760195,3541.1,0.3,bids,gemini
1689,1551760195,4435.0,0.1,asks,gemini
1190,1551760195,3540.1,0.00151124,bids,gemini
1690,1551760195,4439.48,0.013909,asks,gemini
1191,1551760195,3540.0,1.01,bids,gemini
1691,1551760195,4440.0,1.0,asks,gemini
1192,1551760195,3539.0,0.03,bids,gemini
1692,1551760195,4444.0,0.01,asks,gemini
1193,1551760195,3538.22,0.07169989,bids,gemini
1693,1551760195,4444.44,0.1,asks,gemini
1194,1551760195,3537.0,0.28,bids,gemini
1694,1551760195,4445.0,0.75565699,asks,gemini
1195,1551760195,3536.0,0.0559983,bids,gemini
1695,1551760195,4448.0,0.05,asks,gemini
1196,1551760195,3535.35,0.05601425,bids,gemini
1696,1551760195,4450.0,1.45989477,asks,gemini
1197,1551760195,3533.01,0.02795067,bids,gemini
1697,1551760195,4455.96,0.00448838,asks,gemini
1198,1551760195,3533.0,0.015,bids,gemini
1698,1551760195,4468.27,0.1,asks,gemini
1199,1551760195,3531.1,1.95428903,bids,gemini
1699,1551760195,4474.0,1.4,asks,gemini
1200,1551760195,3530.1,0.00018412,bids,gemini
1700,1551760195,4475.0,0.5,asks,gemini
1201,1551760195,3530.0,0.01,bids,gemini
1701,1551760195,4478.0,0.3,asks,gemini
1202,1551760195,3529.85,0.00113319,bids,gemini
1702,1551760195,4488.0,0.0539,asks,gemini
1203,1551760195,3529.71,8.0,bids,gemini
1703,1551760195,4492.5,0.016653,asks,gemini
1204,1551760195,3528.12,0.459,bids,gemini
1704,1551760195,4495.0,0.09,asks,gemini
1205,1551760195,3525.1,0.00014183,bids,gemini
1705,1551760195,4497.0,0.1,asks,gemini
1206,1551760195,3525.0,0.00141843,bids,gemini
1706,1551760195,4500.0,117.99994571,asks,gemini
1207,1551760195,3524.0,0.00477582,bids,gemini
1707,1551760195,4521.28,0.006201,asks,gemini
1208,1551760195,3523.72,0.14,bids,gemini
1708,1551760195,4525.0,0.5,asks,gemini
1209,1551760195,3522.65,0.02838772,bids,gemini
1709,1551760195,4540.0,10.0,asks,gemini
1210,1551760195,3522.35,0.00868228,bids,gemini
1710,1551760195,4550.0,1.0,asks,gemini
1211,1551760195,3521.66,0.00779297,bids,gemini
1711,1551760195,4555.0,2.0,asks,gemini
1212,1551760195,3521.35,0.00709954,bids,gemini
1712,1551760195,4567.89,0.1,asks,gemini
1213,1551760195,3521.0,4.0,bids,gemini
1713,1551760195,4571.91,1.0,asks,gemini
1214,1551760195,3520.57,0.00690407,bids,gemini
1714,1551760195,4575.0,0.5,asks,gemini
1215,1551760195,3520.1,9.942e-05,bids,gemini
1715,1551760195,4578.0,0.25,asks,gemini
1216,1551760195,3520.0,0.01,bids,gemini
1716,1551760195,4588.0,0.05,asks,gemini
1217,1551760195,3519.99,0.01401523,bids,gemini
1717,1551760195,4599.89,0.0141,asks,gemini
1218,1551760195,3519.43,0.07089216,bids,gemini
1718,1551760195,4600.0,6.621558,asks,gemini
1219,1551760195,3518.0,0.15,bids,gemini
1719,1551760195,4611.94,0.019824,asks,gemini
1220,1551760195,3517.97,0.0218108,bids,gemini
1720,1551760195,4621.91,0.31,asks,gemini
1221,1551760195,3517.95,0.28082525,bids,gemini
1721,1551760195,4630.14,0.015901,asks,gemini
1222,1551760195,3516.75,0.00868946,bids,gemini
1722,1551760195,4658.34,20.0,asks,gemini
1223,1551760195,3516.58,0.06718711,bids,gemini
1723,1551760195,4666.59,1.0,asks,gemini
1224,1551760195,3516.39,0.00690669,bids,gemini
1724,1551760195,4675.0,1.81626801,asks,gemini
1225,1551760195,3515.81,0.02471019,bids,gemini
1725,1551760195,4679.0,0.05,asks,gemini
1226,1551760195,3515.34,0.02648307,bids,gemini
1726,1551760195,4680.0,0.02564103,asks,gemini
1227,1551760195,3515.25,0.22757983,bids,gemini
1727,1551760195,4688.0,0.05,asks,gemini
1228,1551760195,3515.21,0.14223901,bids,gemini
1728,1551760195,4689.9,0.125,asks,gemini
1229,1551760195,3511.06,0.338,bids,gemini
1729,1551760195,4700.0,0.50616728,asks,gemini
1230,1551760195,3510.82,0.01048644,bids,gemini
1730,1551760195,4703.0,0.25706874,asks,gemini
1231,1551760195,3510.68,0.02651325,bids,gemini
1731,1551760195,4707.37,3.75,asks,gemini
1232,1551760195,3510.32,0.00142437,bids,gemini
1732,1551760195,4711.0,0.38,asks,gemini
1233,1551760195,3510.1,0.00018517,bids,gemini
1733,1551760195,4711.37,0.75,asks,gemini
1234,1551760195,3510.0,1.73364671,bids,gemini
1734,1551760195,4717.37,0.12,asks,gemini
1235,1551760195,3505.0,0.14550641,bids,gemini
1735,1551760195,4719.71,1.0,asks,gemini
1236,1551760195,3503.0,0.25,bids,gemini
1736,1551760195,4722.93,0.015561,asks,gemini
1237,1551760195,3502.0,1.42857,bids,gemini
1737,1551760195,4724.89,0.025821,asks,gemini
1238,1551760195,3501.35,0.5,bids,gemini
1738,1551760195,4750.0,0.25,asks,gemini
1239,1551760195,3501.11,2.85623702,bids,gemini
1739,1551760195,4759.88,0.12345679,asks,gemini
1240,1551760195,3501.0,2.77854649,bids,gemini
1740,1551760195,4781.88,0.015387,asks,gemini
1241,1551760195,3500.64,0.0285662,bids,gemini
1741,1551760195,4785.0,2.0,asks,gemini
1242,1551760195,3500.1,0.00024284,bids,gemini
1742,1551760195,4785.9,0.033961,asks,gemini
1243,1551760195,3500.01,0.61,bids,gemini
1743,1551760195,4788.0,0.05,asks,gemini
1244,1551760195,3500.0,143.89985411,bids,gemini
1744,1551760195,4800.0,0.23535036,asks,gemini
1245,1551760195,3499.8,0.02000114,bids,gemini
1745,1551760195,4811.0,0.15,asks,gemini
1246,1551760195,3499.66,0.14151374,bids,gemini
1746,1551760195,4815.03,1.5,asks,gemini
1247,1551760195,3498.64,0.02115107,bids,gemini
1747,1551760195,4838.0,0.05,asks,gemini
1248,1551760195,3497.0,0.02259079,bids,gemini
1748,1551760195,4840.0,10.12272727,asks,gemini
1249,1551760195,3495.0,0.04249213,bids,gemini
1749,1551760195,4850.0,0.255,asks,gemini
1250,1551760195,3490.19,2.0,bids,gemini
1750,1551760195,4857.28,0.015141,asks,gemini
1251,1551760195,3490.1,0.00018623,bids,gemini
1751,1551760195,4865.0,0.3,asks,gemini
1252,1551760195,3490.0,0.25184527,bids,gemini
1752,1551760195,4865.07,6.45206449,asks,gemini
1253,1551760195,3489.75,0.02279532,bids,gemini
1753,1551760195,4865.31,1.5,asks,gemini
1254,1551760195,3488.0,0.02866972,bids,gemini
1754,1551760195,4875.0,2.1,asks,gemini
1255,1551760195,3487.18,0.08353167,bids,gemini
1755,1551760195,4876.0,1.75,asks,gemini
1256,1551760195,3487.0,0.02122168,bids,gemini
1756,1551760195,4878.0,0.05,asks,gemini
1257,1551760195,3486.0,0.71,bids,gemini
1757,1551760195,4888.0,0.3,asks,gemini
1258,1551760195,3485.47,0.11248985,bids,gemini
1758,1551760195,4888.94,7.0,asks,gemini
1259,1551760195,3485.2,0.00143463,bids,gemini
1759,1551760195,4891.76,1.0,asks,gemini
1260,1551760195,3482.7,0.14220288,bids,gemini
1760,1551760195,4900.0,0.00204082,asks,gemini
1261,1551760195,3481.88,1.0,bids,gemini
1761,1551760195,4908.71,0.038912,asks,gemini
1262,1551760195,3480.95,0.00143638,bids,gemini
1762,1551760195,4912.0,0.40716613,asks,gemini
1263,1551760195,3480.53,0.08619376,bids,gemini
1763,1551760195,4915.32,1.5,asks,gemini
1264,1551760195,3480.1,0.00018677,bids,gemini
1764,1551760195,4918.02,0.01497,asks,gemini
1265,1551760195,3480.0,1.8475862,bids,gemini
1765,1551760195,4920.59,0.015202,asks,gemini
1266,1551760195,3475.1,0.00014388,bids,gemini
1766,1551760195,4921.0,0.34,asks,gemini
1267,1551760195,3475.0,0.0071223,bids,gemini
1767,1551760195,4937.37,3.0,asks,gemini
1268,1551760195,3473.53,0.11659608,bids,gemini
1768,1551760195,4938.0,0.1,asks,gemini
1269,1551760195,3471.66,0.06783786,bids,gemini
1769,1551760195,4949.49,0.49,asks,gemini
1270,1551760195,3470.1,0.00020172,bids,gemini
1770,1551760195,4950.0,21.72158823,asks,gemini
1271,1551760195,3470.0,1.3,bids,gemini
1771,1551760195,4959.0,0.1,asks,gemini
1272,1551760195,3469.78,0.14410135,bids,gemini
1772,1551760195,4980.0,0.75,asks,gemini
1273,1551760195,3468.77,0.01067103,bids,gemini
1773,1551760195,4987.0,0.1960042,asks,gemini
1274,1551760195,3465.0,0.05571717,bids,gemini
1774,1551760195,4990.0,2.51923,asks,gemini
1275,1551760195,3463.55,0.14291694,bids,gemini
1775,1551760195,4992.0,0.11770855,asks,gemini
1276,1551760195,3462.5,6.5,bids,gemini
1776,1551760195,4995.0,0.1,asks,gemini
1277,1551760195,3461.52,0.0070212,bids,gemini
1777,1551760195,4999.0,0.62681822,asks,gemini
1278,1551760195,3460.1,0.0002023,bids,gemini
1778,1551760195,4999.97,0.3,asks,gemini
1279,1551760195,3460.0,0.28615606,bids,gemini
1779,1551760195,4999.99,1.0,asks,gemini
1280,1551760195,3456.78,0.6321,bids,gemini
1780,1551760195,5000.0,111.61323042,asks,gemini
1281,1551760195,3456.0,0.17939814,bids,gemini
1781,1551760195,5014.12,1.0,asks,gemini
1282,1551760195,3455.0,0.08683068,bids,gemini
1782,1551760195,5031.08,5.0,asks,gemini
1283,1551760195,3453.1,0.87052213,bids,gemini
1783,1551760195,5032.01,0.032802,asks,gemini
1284,1551760195,3453.0,7.7324066,bids,gemini
1784,1551760195,5038.0,0.05,asks,gemini
1285,1551760195,3451.92,0.08690815,bids,gemini
1785,1551760195,5049.0,0.22478617,asks,gemini
1286,1551760195,3451.0,0.4624022,bids,gemini
1786,1551760195,5050.0,0.25,asks,gemini
1287,1551760195,3450.24,0.02898349,bids,gemini
1787,1551760195,5051.0,0.01,asks,gemini
1288,1551760195,3450.1,0.00026085,bids,gemini
1788,1551760195,5060.0,1.02173913,asks,gemini
1289,1551760195,3450.0,13.99602026,bids,gemini
1789,1551760195,5074.69,5.0,asks,gemini
1290,1551760195,3449.74,0.00707844,bids,gemini
1790,1551760195,5080.0,10.0,asks,gemini
1291,1551760195,3449.5,0.07174952,bids,gemini
1791,1551760195,5100.0,3.57174544,asks,gemini
1292,1551760195,3448.5,0.09163078,bids,gemini
1792,1551760195,5103.48,0.071598,asks,gemini
1293,1551760195,3448.0,1.0,bids,gemini
1793,1551760195,5110.02,0.53174,asks,gemini
1294,1551760195,3447.28,0.28493264,bids,gemini
1794,1551760195,5150.0,0.5,asks,gemini
1295,1551760195,3445.1,8.708e-05,bids,gemini
1795,1551760195,5157.0,4.00000005,asks,gemini
1296,1551760195,3445.0,1.04252039,bids,gemini
1796,1551760195,5159.0,5.0,asks,gemini
1297,1551760195,3444.15,0.01254142,bids,gemini
1797,1551760195,5167.0,5.0,asks,gemini
1298,1551760195,3443.44,0.01798792,bids,gemini
1798,1551760195,5180.0,10.0,asks,gemini
1299,1551760195,3441.85,0.00342183,bids,gemini
1799,1551760195,5196.35,0.014177,asks,gemini
1300,1551760195,3441.43,0.02883808,bids,gemini
1800,1551760195,5200.0,0.09980039,asks,gemini
1301,1551760195,3441.1,0.01798491,bids,gemini
1801,1551760195,5219.0,0.5,asks,gemini
1302,1551760195,3440.66,0.06172834,bids,gemini
1802,1551760195,5231.51,0.16072425,asks,gemini
1303,1551760195,3440.1,0.00011627,bids,gemini
1803,1551760195,5243.0,0.1,asks,gemini
1304,1551760195,3440.01,0.01075433,bids,gemini
1804,1551760195,5280.0,10.04464285,asks,gemini
1305,1551760195,3439.96,0.0070802,bids,gemini
1805,1551760195,5285.0,3.0,asks,gemini
1306,1551760195,3439.5,0.00597897,bids,gemini
1806,1551760195,5300.0,0.16347313,asks,gemini
1307,1551760195,3439.36,0.01439048,bids,gemini
1807,1551760195,5319.81,0.52,asks,gemini
1308,1551760195,3439.01,0.29188257,bids,gemini
1808,1551760195,5330.0,0.007,asks,gemini
1309,1551760195,3439.0,0.00707494,bids,gemini
1809,1551760195,5342.0,0.5,asks,gemini
1310,1551760195,3438.99,0.04707191,bids,gemini
1810,1551760195,5357.0,0.05,asks,gemini
1311,1551760195,3438.53,0.00797603,bids,gemini
1811,1551760195,5376.8,0.26595745,asks,gemini
1312,1551760195,3438.28,0.03252062,bids,gemini
1812,1551760195,5380.0,10.19330856,asks,gemini
1313,1551760195,3437.87,0.00070592,bids,gemini
1813,1551760195,5388.0,0.085,asks,gemini
1314,1551760195,3437.84,0.02164085,bids,gemini
1814,1551760195,5392.8,0.5,asks,gemini
1315,1551760195,3437.76,0.00710206,bids,gemini
1815,1551760195,5397.0,0.05,asks,gemini
1316,1551760195,3437.5,0.02036363,bids,gemini
1816,1551760195,5399.0,0.25770138,asks,gemini
1317,1551760195,3437.4,0.02161874,bids,gemini
1817,1551760195,5406.0,0.1,asks,gemini
1318,1551760195,3437.23,0.00707049,bids,gemini
1818,1551760195,5414.12,1.0,asks,gemini
1319,1551760195,3436.27,0.01072854,bids,gemini
1819,1551760195,5418.0,0.26622381,asks,gemini
1320,1551760195,3435.8,0.01991664,bids,gemini
1820,1551760195,5435.0,65.0,asks,gemini
1321,1551760195,3435.75,1.5625215,bids,gemini
1821,1551760195,5440.0,0.1,asks,gemini
1322,1551760195,3435.55,0.25,bids,gemini
1822,1551760195,5450.0,0.26595745,asks,gemini
1323,1551760195,3435.21,0.08338788,bids,gemini
1823,1551760195,5480.0,10.0,asks,gemini
1324,1551760195,3435.1,8.733e-05,bids,gemini
1824,1551760195,5499.77,0.1,asks,gemini
1325,1551760195,3434.73,0.0289429,bids,gemini
1825,1551760195,5500.0,0.28139009,asks,gemini
1326,1551760195,3434.34,0.05765882,bids,gemini
1826,1551760195,5521.6,0.029179,asks,gemini
1327,1551760195,3434.33,0.00887612,bids,gemini
1827,1551760195,5550.0,0.26595745,asks,gemini
1328,1551760195,3434.32,0.01256298,bids,gemini
1828,1551760195,5559.8,0.5,asks,gemini
1329,1551760195,3434.23,0.0253174,bids,gemini
1829,1551760195,5564.76,0.05887,asks,gemini
1330,1551760195,3434.16,0.01435538,bids,gemini
1830,1551760195,5569.0,0.1,asks,gemini
1331,1551760195,3432.83,0.00708553,bids,gemini
1831,1551760195,5589.89,0.1470222,asks,gemini
1332,1551760195,3432.37,0.08652913,bids,gemini
1832,1551760195,5599.97,0.417,asks,gemini
1333,1551760195,3432.02,0.04981891,bids,gemini
1833,1551760195,5600.0,0.09090909,asks,gemini
1334,1551760195,3431.98,0.00891449,bids,gemini
1834,1551760195,5623.87,0.5,asks,gemini
1335,1551760195,3431.84,0.01074497,bids,gemini
1835,1551760195,5650.0,0.26595745,asks,gemini
1336,1551760195,3431.74,0.4740322,bids,gemini
1836,1551760195,5656.0,0.0921,asks,gemini
1337,1551760195,3431.49,0.00891237,bids,gemini
1837,1551760195,5680.0,1.0,asks,gemini
1338,1551760195,3430.7,0.16585263,bids,gemini
1838,1551760195,5690.0,0.03,asks,gemini
1339,1551760195,3430.27,0.00709398,bids,gemini
1839,1551760195,5693.99,0.5,asks,gemini
1340,1551760195,3430.1,0.00011661,bids,gemini
1840,1551760195,5699.97,0.1,asks,gemini
1341,1551760195,3430.0,0.11546064,bids,gemini
1841,1551760195,5700.0,0.63075439,asks,gemini
1342,1551760195,3429.87,0.00712706,bids,gemini
1842,1551760195,5714.22,0.10136875,asks,gemini
1343,1551760195,3429.71,0.00620297,bids,gemini
1843,1551760195,5720.0,0.01923076,asks,gemini
1344,1551760195,3429.67,0.01529935,bids,gemini
1844,1551760195,5723.2,0.026853,asks,gemini
1345,1551760195,3429.49,0.00344462,bids,gemini
1845,1551760195,5748.0,0.45627319,asks,gemini
1346,1551760195,3429.1,0.19068081,bids,gemini
1846,1551760195,5749.0,0.035,asks,gemini
1347,1551760195,3428.99,0.02012254,bids,gemini
1847,1551760195,5749.97,0.1,asks,gemini
1348,1551760195,3428.45,0.00712196,bids,gemini
1848,1551760195,5750.0,0.0353256,asks,gemini
1349,1551760195,3428.24,0.01807321,bids,gemini
1849,1551760195,5800.0,1.01,asks,gemini
1350,1551760195,3427.61,0.00711197,bids,gemini
1850,1551760195,5814.12,1.0,asks,gemini
1351,1551760195,3426.88,0.02959543,bids,gemini
1851,1551760195,5827.19,0.21,asks,gemini
1352,1551760195,3426.76,0.00892507,bids,gemini
1852,1551760195,5830.98,0.17398973,asks,gemini
1353,1551760195,3426.55,0.00895199,bids,gemini
1853,1551760195,5840.0,10.1,asks,gemini
1354,1551760195,3426.26,0.01808504,bids,gemini
1854,1551760195,5845.33,0.01796305,asks,gemini
1355,1551760195,3425.97,0.01441247,bids,gemini
1855,1551760195,5845.37,0.1936,asks,gemini
1356,1551760195,3425.94,0.02,bids,gemini
1856,1551760195,5899.97,0.1,asks,gemini
1357,1551760195,3425.9,0.01441348,bids,gemini
1857,1551760195,5900.0,0.3,asks,gemini
1358,1551760195,3425.86,0.07294999,bids,gemini
1858,1551760195,5900.99,0.4962387,asks,gemini
1359,1551760195,3425.79,0.00345842,bids,gemini
1859,1551760195,5937.0,0.1,asks,gemini
1360,1551760195,3425.71,0.00711808,bids,gemini
1860,1551760195,5940.0,0.01851851,asks,gemini
1361,1551760195,3425.52,0.01079798,bids,gemini
1861,1551760195,5949.4,0.1,asks,gemini
1362,1551760195,3425.28,0.01808912,bids,gemini
1862,1551760195,5950.0,0.14140148,asks,gemini
1363,1551760195,3425.1,0.00014598,bids,gemini
1863,1551760195,5977.0,0.1,asks,gemini
1364,1551760195,3425.0,0.117,bids,gemini
1864,1551760195,5984.81,1.0,asks,gemini
1365,1551760195,3424.81,0.86815364,bids,gemini
1865,1551760195,5995.0,0.003,asks,gemini
1366,1551760195,3424.0,20.0,bids,gemini
1866,1551760195,5997.0,0.07898905,asks,gemini
1367,1551760195,3423.91,0.03645453,bids,gemini
1867,1551760195,5999.0,0.035,asks,gemini
1368,1551760195,3423.81,0.00896919,bids,gemini
1868,1551760195,5999.97,0.1,asks,gemini
1369,1551760195,3423.59,0.00896378,bids,gemini
1869,1551760195,5999.99,0.30090005,asks,gemini
1370,1551760195,3423.37,0.04560802,bids,gemini
1870,1551760195,6000.0,5.42220036,asks,gemini
1371,1551760195,3423.0,0.00346103,bids,gemini
1871,1551760195,6070.0,1.0,asks,gemini
1372,1551760195,3422.91,0.01261084,bids,gemini
1872,1551760195,6100.0,0.38,asks,gemini
1373,1551760195,3422.32,0.26225165,bids,gemini
1873,1551760195,6111.0,1.0,asks,gemini
1374,1551760195,3421.75,1.0,bids,gemini
1874,1551760195,6160.0,0.01785714,asks,gemini
1375,1551760195,3421.68,0.20592968,bids,gemini
1875,1551760195,6163.41,7.0,asks,gemini
1376,1551760195,3421.17,0.02000256,bids,gemini
1876,1551760195,6197.87,0.07704292,asks,gemini
1377,1551760195,3421.03,0.01812332,bids,gemini
1877,1551760195,6200.0,0.54952437,asks,gemini
1378,1551760195,3421.0,0.00540777,bids,gemini
1878,1551760195,6249.0,0.285,asks,gemini
1379,1551760195,3420.98,0.00345685,bids,gemini
1879,1551760195,6300.0,4.2445,asks,gemini
1380,1551760195,3420.9,0.39501479,bids,gemini
1880,1551760195,6305.0,0.25471827,asks,gemini
1381,1551760195,3420.59,0.0218397,bids,gemini
1881,1551760195,6317.0,0.03202853,asks,gemini
1382,1551760195,3420.53,0.02546266,bids,gemini
1882,1551760195,6349.0,0.04428211,asks,gemini
1383,1551760195,3420.22,0.00712706,bids,gemini
1883,1551760195,6350.0,0.20222438,asks,gemini
1384,1551760195,3420.1,0.00020466,bids,gemini
1884,1551760195,6380.0,0.01724137,asks,gemini
1385,1551760195,3420.0,3.67239426,bids,gemini
1885,1551760195,6383.99,0.08852864,asks,gemini
1386,1551760195,3419.99,0.03281191,bids,gemini
1886,1551760195,6390.0,0.02347418,asks,gemini
1387,1551760195,3419.55,0.0659775,bids,gemini
1887,1551760195,6400.0,1.21131443,asks,gemini
1388,1551760195,3419.5,7.131e-05,bids,gemini
1888,1551760195,6410.0,0.02059283,asks,gemini
1389,1551760195,3419.46,0.21543837,bids,gemini
1889,1551760195,6430.0,0.0311042,asks,gemini
1390,1551760195,3419.07,0.0034591,bids,gemini
1890,1551760195,6450.0,8.5,asks,gemini
1391,1551760195,3418.11,0.01081551,bids,gemini
1891,1551760195,6470.0,0.003,asks,gemini
1392,1551760195,3417.91,0.00897411,bids,gemini
1892,1551760195,6477.0,0.06,asks,gemini
1393,1551760195,3417.88,0.04747813,bids,gemini
1893,1551760195,6499.0,0.33043033,asks,gemini
1394,1551760195,3417.26,0.03653865,bids,gemini
1894,1551760195,6499.99,0.04078348,asks,gemini
1395,1551760195,3417.06,0.35984115,bids,gemini
1895,1551760195,6500.0,3.4957653,asks,gemini
1396,1551760195,3416.69,0.01811445,bids,gemini
1896,1551760195,6520.0,0.25,asks,gemini
1397,1551760195,3416.47,0.13734699,bids,gemini
1897,1551760195,6540.0,0.3058104,asks,gemini
1398,1551760195,3416.11,0.00346505,bids,gemini
1898,1551760195,6545.2,0.51550499,asks,gemini
1399,1551760195,3416.1,0.00806453,bids,gemini
1899,1551760195,6549.89,3.84739286,asks,gemini
1400,1551760195,3415.79,0.14491523,bids,gemini
1900,1551760195,6550.0,0.97437938,asks,gemini
1401,1551760195,3415.74,0.01819467,bids,gemini
1901,1551760195,6584.0,0.06,asks,gemini
1402,1551760195,3415.73,0.01541888,bids,gemini
1902,1551760195,6598.28,0.0020184,asks,gemini
1403,1551760195,3415.36,0.02183247,bids,gemini
1903,1551760195,6600.0,1.4007685,asks,gemini
1404,1551760195,3415.26,0.56968622,bids,gemini
1904,1551760195,6612.0,0.2,asks,gemini
1405,1551760195,3415.16,0.003494,bids,gemini
1905,1551760195,6626.29,7.0,asks,gemini
1406,1551760195,3415.06,0.00805891,bids,gemini
1906,1551760195,6630.0,0.01099526,asks,gemini
1407,1551760195,3414.94,0.02731439,bids,gemini
1907,1551760195,6649.0,0.03185,asks,gemini
1408,1551760195,3414.88,0.01543363,bids,gemini
1908,1551760195,6654.0,0.0921,asks,gemini
1409,1551760195,3414.6,0.01820337,bids,gemini
1909,1551760195,6690.0,0.58,asks,gemini
1410,1551760195,3414.51,0.05490596,bids,gemini
1910,1551760195,6700.0,1.34614101,asks,gemini
1411,1551760195,3414.11,0.0034698,bids,gemini
1911,1551760195,6720.0,0.06,asks,gemini
1412,1551760195,3413.94,0.02276979,bids,gemini
1912,1551760195,6735.49,7.0,asks,gemini
1413,1551760195,3413.91,0.02183443,bids,gemini
1913,1551760195,6750.0,1.46886047,asks,gemini
1414,1551760195,3413.83,0.01079248,bids,gemini
1914,1551760195,6760.0,0.11536247,asks,gemini
1415,1551760195,3413.08,0.29068085,bids,gemini
1915,1551760195,6761.53,0.31279409,asks,gemini
1416,1551760195,3412.88,0.02095727,bids,gemini
1916,1551760195,6778.88,3.0,asks,gemini
1417,1551760195,3412.79,0.02922874,bids,gemini
1917,1551760195,6793.0,2.56512502,asks,gemini
1418,1551760195,3412.41,0.01453475,bids,gemini
1918,1551760195,6800.0,0.67078297,asks,gemini
1419,1551760195,3412.4,0.01451443,bids,gemini
1919,1551760195,6814.0,0.06,asks,gemini
1420,1551760195,3411.93,0.1243904,bids,gemini
1920,1551760195,6839.29,0.00752144,asks,gemini
1421,1551760195,3411.89,0.00716149,bids,gemini
1921,1551760195,6845.0,0.00146093,asks,gemini
1422,1551760195,3411.32,0.20135428,bids,gemini
1922,1551760195,6850.0,0.3,asks,gemini
1423,1551760195,3411.11,9.827e-05,bids,gemini
1923,1551760195,6852.51,0.1,asks,gemini
1424,1551760195,3411.06,0.3478,bids,gemini
1924,1551760195,6865.33,0.1,asks,gemini
1425,1551760195,3410.46,0.1651122,bids,gemini
1925,1551760195,6876.08,0.1,asks,gemini
1426,1551760195,3410.1,0.00011729,bids,gemini
1926,1551760195,6880.0,0.025,asks,gemini
1427,1551760195,3410.0,1.46929617,bids,gemini
1927,1551760195,6882.0,0.01603303,asks,gemini
1428,1551760195,3409.77,0.0145171,bids,gemini
1928,1551760195,6898.0,0.0318725,asks,gemini
1429,1551760195,3409.56,0.02926815,bids,gemini
1929,1551760195,6898.95,2.6,asks,gemini
1430,1551760195,3409.27,0.01450176,bids,gemini
1930,1551760195,6900.0,0.28539578,asks,gemini
1431,1551760195,3408.95,0.13776298,bids,gemini
1931,1551760195,6950.0,0.1,asks,gemini
1432,1551760195,3408.56,0.00146689,bids,gemini
1932,1551760195,6954.58,0.2,asks,gemini
1433,1551760195,3408.51,0.00439881,bids,gemini
1933,1551760195,6970.0,0.07173602,asks,gemini
1434,1551760195,3407.69,0.04401808,bids,gemini
1934,1551760195,6972.65,0.55,asks,gemini
1435,1551760195,3406.69,0.01823181,bids,gemini
1935,1551760195,6987.54,0.04809496,asks,gemini
1436,1551760195,3406.56,0.01818709,bids,gemini
1936,1551760195,6988.88,0.08803238,asks,gemini
1437,1551760195,3405.0,39.07767988,bids,gemini
1937,1551760195,6997.03,0.0028926,asks,gemini
1438,1551760195,3404.69,0.00346703,bids,gemini
1938,1551760195,6998.87,1.0,asks,gemini
1439,1551760195,3403.76,0.07454112,bids,gemini
1939,1551760195,6999.0,0.12292,asks,gemini
1440,1551760195,3402.99,0.03655984,bids,gemini
1940,1551760195,6999.96,0.00222,asks,gemini
1441,1551760195,3402.85,1e-05,bids,gemini
1941,1551760195,7000.0,8.48098847,asks,gemini
1442,1551760195,3402.61,0.00898001,bids,gemini
1942,1551760195,7033.0,0.005,asks,gemini
1443,1551760195,3402.41,0.010656,bids,gemini
1943,1551760195,7100.0,1.11927246,asks,gemini
1444,1551760195,3402.17,4.0,bids,gemini
1944,1551760195,7111.0,0.09,asks,gemini
1445,1551760195,3401.25,0.03202646,bids,gemini
1945,1551760195,7122.64,0.06,asks,gemini
1446,1551760195,3401.0,0.28194647,bids,gemini
1946,1551760195,7124.5,0.2,asks,gemini
1447,1551760195,3400.75,0.02560702,bids,gemini
1947,1551760195,7126.01,0.01911879,asks,gemini
1448,1551760195,3400.56,0.02940692,bids,gemini
1948,1551760195,7139.57,0.0919887,asks,gemini
1449,1551760195,3400.5,0.05512204,bids,gemini
1949,1551760195,7150.0,0.16993007,asks,gemini
1450,1551760195,3400.1,0.00026469,bids,gemini
1950,1551760195,7189.66,0.06954432,asks,gemini
1451,1551760195,3400.0,27.04699989,bids,gemini
1951,1551760195,7199.99,0.00891843,asks,gemini
1452,1551760195,3399.82,0.01825383,bids,gemini
1952,1551760195,7200.0,15.87494139,asks,gemini
1453,1551760195,3399.47,0.00902332,bids,gemini
1953,1551760195,7236.0,0.00138198,asks,gemini
1454,1551760195,3395.67,1.8695,bids,gemini
1954,1551760195,7249.0,0.02733,asks,gemini
1455,1551760195,3395.04,2.1,bids,gemini
1955,1551760195,7250.0,1.36,asks,gemini
1456,1551760195,3395.0,0.1664212,bids,gemini
1956,1551760195,7255.0,0.11,asks,gemini
1457,1551760195,3394.63,0.00806494,bids,gemini
1957,1551760195,7280.0,0.01,asks,gemini
1458,1551760195,3393.45,0.02186267,bids,gemini
1958,1551760195,7290.0,0.2,asks,gemini
1459,1551760195,3392.67,0.05108763,bids,gemini
1959,1551760195,7300.0,1.15007933,asks,gemini
1460,1551760195,3391.03,0.01089186,bids,gemini
1960,1551760195,7350.0,0.1085,asks,gemini
1461,1551760195,3391.02,0.00256298,bids,gemini
1961,1551760195,7352.0,0.005,asks,gemini
1462,1551760195,3390.32,0.01458172,bids,gemini
1962,1551760195,7393.0,0.5,asks,gemini
1463,1551760195,3390.13,0.02177941,bids,gemini
1963,1551760195,7399.0,1.00335022,asks,gemini
1464,1551760195,3390.12,1.37623592,bids,gemini
1964,1551760195,7400.0,2.13754685,asks,gemini
1465,1551760195,3390.1,8.849e-05,bids,gemini
1965,1551760195,7435.24,0.01814581,asks,gemini
1466,1551760195,3390.08,0.14779232,bids,gemini
1966,1551760195,7450.0,0.18420625,asks,gemini
1467,1551760195,3390.0,1.07346016,bids,gemini
1967,1551760195,7456.0,0.00247167,asks,gemini
1468,1551760195,3389.17,0.00905249,bids,gemini
1968,1551760195,7459.63,0.00078853,asks,gemini
1469,1551760195,3388.88,0.0812,bids,gemini
1969,1551760195,7474.0,1.0,asks,gemini
1470,1551760195,3388.06,0.00906293,bids,gemini
1970,1551760195,7474.75,1.0,asks,gemini
1471,1551760195,3388.0,1.1,bids,gemini
1971,1551760195,7490.0,0.0082,asks,gemini
1472,1551760195,3386.1,0.00997492,bids,gemini
1972,1551760195,7490.03,0.3,asks,gemini
1473,1551760195,3385.0,4.7915,bids,gemini
1973,1551760195,7496.0,0.02816369,asks,gemini
1474,1551760195,3383.6,0.02012017,bids,gemini
1974,1551760195,7499.0,0.025,asks,gemini
1475,1551760195,3383.12,4.0,bids,gemini
1975,1551760195,7500.0,3.60399795,asks,gemini
1476,1551760195,3381.53,0.03319068,bids,gemini
1976,1551760195,7508.0,0.01,asks,gemini
1477,1551760195,3381.11,0.14788042,bids,gemini
1977,1551760195,7515.12,1.29021981,asks,gemini
1478,1551760195,3380.1,8.875e-05,bids,gemini
1978,1551760195,7525.77,0.31680487,asks,gemini
1479,1551760195,3380.0,1.46428697,bids,gemini
1979,1551760195,7540.0,25.0,asks,gemini
1480,1551760195,3378.61,0.01621968,bids,gemini
1980,1551760195,7544.07,0.0151773,asks,gemini
1481,1551760195,3377.0,1.144228,bids,gemini
1981,1551760195,7550.0,0.00140639,asks,gemini
1482,1551760195,3376.39,0.03,bids,gemini
1982,1551760195,7554.95,0.1,asks,gemini
1483,1551760195,3375.1,0.00014814,bids,gemini
1983,1551760195,7559.74,0.20338983,asks,gemini
1484,1551760195,3375.0,1.53007406,bids,gemini
1984,1551760195,7560.0,0.06,asks,gemini
1485,1551760195,3374.0,0.00207468,bids,gemini
1985,1551760195,7569.97,0.07296992,asks,gemini
1486,1551760195,3370.1,8.901e-05,bids,gemini
1986,1551760195,7575.0,0.08,asks,gemini
1487,1551760195,3370.0,0.05876261,bids,gemini
1987,1551760195,7579.0,0.25340353,asks,gemini
1488,1551760195,3362.0,0.03786139,bids,gemini
1988,1551760195,7600.0,0.63664837,asks,gemini
1489,1551760195,3360.93,0.2,bids,gemini
1989,1551760195,7601.27,0.0533491,asks,gemini
1490,1551760195,3360.1,8.928e-05,bids,gemini
1990,1551760195,7610.0,0.02367415,asks,gemini
1491,1551760195,3360.0,0.01473214,bids,gemini
1991,1551760195,7630.0,0.03,asks,gemini
1492,1551760195,3359.58,0.00892968,bids,gemini
1992,1551760195,7640.0,0.1,asks,gemini
1493,1551760195,3355.0,0.05961251,bids,gemini
1993,1551760195,7670.0,0.01706902,asks,gemini
1494,1551760195,3353.03,0.8,bids,gemini
1994,1551760195,7680.0,1.0,asks,gemini
1495,1551760195,3352.28,0.8,bids,gemini
1995,1551760195,7698.88,0.01313,asks,gemini
1496,1551760195,3351.67,0.11725498,bids,gemini
1996,1551760195,7700.0,0.06493507,asks,gemini
1497,1551760195,3351.0,0.03692927,bids,gemini
1997,1551760195,7729.0,0.01771051,asks,gemini
1498,1551760195,3350.1,0.00014924,bids,gemini
1998,1551760195,7740.0,0.1,asks,gemini
1499,1551760195,3350.0,7.18128953,bids,gemini
1999,1551760195,7750.0,0.066,asks,gemini
2000,1551760197,3700.76,1.0,bids,gemini
2500,1551760197,3701.18,2.40274209,asks,gemini
2001,1551760197,3700.46,0.69773012,bids,gemini
2501,1551760197,3701.65,3.0,asks,gemini
2002,1551760197,3700.24,2.0,bids,gemini
2502,1551760197,3701.88,3.0,asks,gemini
2003,1551760197,3699.47,10.7517,bids,gemini
2503,1551760197,3702.0,0.29032877,asks,gemini
2004,1551760197,3698.63,0.027583,bids,gemini
2504,1551760197,3702.3,2.0,asks,gemini
2005,1551760197,3696.96,0.44906532,bids,gemini
2505,1551760197,3702.9,0.5,asks,gemini
2006,1551760197,3696.95,3.7631,bids,gemini
2506,1551760197,3702.96,0.5,asks,gemini
2007,1551760197,3696.84,0.5,bids,gemini
2507,1551760197,3703.07,4.0,asks,gemini
2008,1551760197,3696.38,0.5,bids,gemini
2508,1551760197,3706.04,4.2,asks,gemini
2009,1551760197,3695.93,50.0,bids,gemini
2509,1551760197,3706.81,1.436,asks,gemini
2010,1551760197,3695.9,2.88,bids,gemini
2510,1551760197,3707.47,2.0,asks,gemini
2011,1551760197,3695.41,4.7,bids,gemini
2511,1551760197,3707.48,5.4901,asks,gemini
2012,1551760197,3695.4,0.02679006,bids,gemini
2512,1551760197,3707.63,50.0,asks,gemini
2013,1551760197,3695.0,2e-09,bids,gemini
2513,1551760197,3707.9,0.027583,asks,gemini
2014,1551760197,3694.8,3.173,bids,gemini
2514,1551760197,3707.91,1.191,asks,gemini
2015,1551760197,3694.21,0.0268041,bids,gemini
2515,1551760197,3708.79,3.9592,asks,gemini
2016,1551760197,3693.84,0.54144196,bids,gemini
2516,1551760197,3709.4,2.5,asks,gemini
2017,1551760197,3693.81,4.6,bids,gemini
2517,1551760197,3710.37,3.44,asks,gemini
2018,1551760197,3693.33,14.4,bids,gemini
2518,1551760197,3711.12,15.1088,asks,gemini
2019,1551760197,3692.35,5.9452,bids,gemini
2519,1551760197,3711.59,0.622,asks,gemini
2020,1551760197,3690.95,4.88,bids,gemini
2520,1551760197,3711.99,4.8666,asks,gemini
2021,1551760197,3690.85,0.01354701,bids,gemini
2521,1551760197,3713.47,4.4,asks,gemini
2022,1551760197,3690.76,0.574,bids,gemini
2522,1551760197,3714.78,3.7692,asks,gemini
2023,1551760197,3690.32,0.008,bids,gemini
2523,1551760197,3714.88,13.642,asks,gemini
2024,1551760197,3689.77,12.65,bids,gemini
2524,1551760197,3714.9,3.49,asks,gemini
2025,1551760197,3689.44,3.4,bids,gemini
2525,1551760197,3716.3,1.923,asks,gemini
2026,1551760197,3688.29,10.81,bids,gemini
2526,1551760197,3716.38,4.0807,asks,gemini
2027,1551760197,3688.0,0.01355748,bids,gemini
2527,1551760197,3717.37,16.6,asks,gemini
2028,1551760197,3687.79,5.17,bids,gemini
2528,1551760197,3717.63,40.0,asks,gemini
2029,1551760197,3687.11,0.62,bids,gemini
2529,1551760197,3717.68,5.7,asks,gemini
2030,1551760197,3686.86,16.7,bids,gemini
2530,1551760197,3718.5,0.1,asks,gemini
2031,1551760197,3686.31,3.99,bids,gemini
2531,1551760197,3719.26,7.11,asks,gemini
2032,1551760197,3686.06,2.425,bids,gemini
2532,1551760197,3720.7,3.8,asks,gemini
2033,1551760197,3685.85,0.025,bids,gemini
2533,1551760197,3721.96,16.2,asks,gemini
2034,1551760197,3685.0,0.05427408,bids,gemini
2534,1551760197,3722.2,0.1,asks,gemini
2035,1551760197,3684.88,4.731,bids,gemini
2535,1551760197,3722.28,5.6095,asks,gemini
2036,1551760197,3684.39,2.0,bids,gemini
2536,1551760197,3724.8,12.76,asks,gemini
2037,1551760197,3684.0,0.17643865,bids,gemini
2537,1551760197,3733.25,3.015,asks,gemini
2038,1551760197,3683.37,5.6,bids,gemini
2538,1551760197,3733.3,0.1,asks,gemini
2039,1551760197,3683.0,0.16184727,bids,gemini
2539,1551760197,3736.4,2.0,asks,gemini
2040,1551760197,3682.56,0.00135775,bids,gemini
2540,1551760197,3737.37,1.0,asks,gemini
2041,1551760197,3682.0,0.01656708,bids,gemini
2541,1551760197,3740.0,0.1,asks,gemini
2042,1551760197,3681.95,5.2,bids,gemini
2542,1551760197,3740.42,0.17940378,asks,gemini
2043,1551760197,3681.84,12.8,bids,gemini
2543,1551760197,3750.0,0.3,asks,gemini
2044,1551760197,3681.0,5.0,bids,gemini
2544,1551760197,3750.05,6.24,asks,gemini
2045,1551760197,3680.66,13.26,bids,gemini
2545,1551760197,3750.3,0.8,asks,gemini
2046,1551760197,3680.36,5.9,bids,gemini
2546,1551760197,3760.0,0.1997384,asks,gemini
2047,1551760197,3680.1,9.51e-05,bids,gemini
2547,1551760197,3761.42,20.0,asks,gemini
2048,1551760197,3680.0,1.7707453,bids,gemini
2548,1551760197,3766.85,8.154,asks,gemini
2049,1551760197,3675.0,0.17931971,bids,gemini
2549,1551760197,3767.93,0.00234715,asks,gemini
2050,1551760197,3674.39,0.00673581,bids,gemini
2550,1551760197,3768.0,1.25,asks,gemini
2051,1551760197,3674.0,0.25,bids,gemini
2551,1551760197,3783.66,13.836,asks,gemini
2052,1551760197,3671.79,40.0,bids,gemini
2552,1551760197,3785.23,12.0,asks,gemini
2053,1551760197,3670.1,9.536e-05,bids,gemini
2553,1551760197,3802.0,0.2,asks,gemini
2054,1551760197,3670.0,0.26,bids,gemini
2554,1551760197,3808.81,0.01008189,asks,gemini
2055,1551760197,3669.69,0.05,bids,gemini
2555,1551760197,3809.01,0.05,asks,gemini
2056,1551760197,3669.11,2.68,bids,gemini
2556,1551760197,3809.99,29.86681594,asks,gemini
2057,1551760197,3669.0,0.13491414,bids,gemini
2557,1551760197,3815.2,0.1,asks,gemini
2058,1551760197,3668.0,0.02,bids,gemini
2558,1551760197,3817.01,0.0088767,asks,gemini
2059,1551760197,3667.0,0.13498772,bids,gemini
2559,1551760197,3823.0,3.13688737,asks,gemini
2060,1551760197,3665.95,0.25,bids,gemini
2560,1551760197,3838.85,3.33,asks,gemini
2061,1551760197,3665.71,0.01355262,bids,gemini
2561,1551760197,3840.0,1.9995,asks,gemini
2062,1551760197,3665.21,0.00272289,bids,gemini
2562,1551760197,3843.0,0.02603851,asks,gemini
2063,1551760197,3665.0,0.10272851,bids,gemini
2563,1551760197,3848.04,0.34331272,asks,gemini
2064,1551760197,3663.0,1.0,bids,gemini
2564,1551760197,3848.26,0.01,asks,gemini
2065,1551760197,3662.0,0.01665756,bids,gemini
2565,1551760197,3850.0,1.42008205,asks,gemini
2066,1551760197,3660.1,9.562e-05,bids,gemini
2566,1551760197,3850.85,0.68,asks,gemini
2067,1551760197,3660.0,1.4306448,bids,gemini
2567,1551760197,3860.0,10.0,asks,gemini
2068,1551760197,3655.09,0.00136795,bids,gemini
2568,1551760197,3861.41,0.01462653,asks,gemini
2069,1551760197,3655.0,3.55677154,bids,gemini
2569,1551760197,3864.93,0.01,asks,gemini
2070,1551760197,3654.68,3.0,bids,gemini
2570,1551760197,3870.0,5.0,asks,gemini
2071,1551760197,3652.98,0.05474982,bids,gemini
2571,1551760197,3875.0,0.20231,asks,gemini
2072,1551760197,3652.31,4.652,bids,gemini
2572,1551760197,3883.48,0.08,asks,gemini
2073,1551760197,3651.0,0.05395781,bids,gemini
2573,1551760197,3887.0,10.0,asks,gemini
2074,1551760197,3650.8,0.00547825,bids,gemini
2574,1551760197,3887.5,0.17150605,asks,gemini
2075,1551760197,3650.5,0.027,bids,gemini
2575,1551760197,3890.0,1.0,asks,gemini
2076,1551760197,3650.34,0.00821841,bids,gemini
2576,1551760197,3894.01,1.3241876,asks,gemini
2077,1551760197,3650.1,9.588e-05,bids,gemini
2577,1551760197,3899.0,19.99024072,asks,gemini
2078,1551760197,3650.0,16.33362348,bids,gemini
2578,1551760197,3900.0,7.66267469,asks,gemini
2079,1551760197,3649.32,0.13701182,bids,gemini
2579,1551760197,3904.69,0.07683069,asks,gemini
2080,1551760197,3645.0,0.06866597,bids,gemini
2580,1551760197,3905.0,0.2,asks,gemini
2081,1551760197,3643.0,0.0527642,bids,gemini
2581,1551760197,3919.0,7.02323696,asks,gemini
2082,1551760197,3642.74,0.136,bids,gemini
2582,1551760197,3920.0,0.00258902,asks,gemini
2083,1551760197,3642.42,0.1,bids,gemini
2583,1551760197,3929.0,1.0,asks,gemini
2084,1551760197,3642.0,0.29004666,bids,gemini
2584,1551760197,3930.0,0.01043539,asks,gemini
2085,1551760197,3640.97,0.20598906,bids,gemini
2585,1551760197,3938.88,0.1,asks,gemini
2086,1551760197,3640.73,0.001668,bids,gemini
2586,1551760197,3940.0,0.081,asks,gemini
2087,1551760197,3640.1,9.615e-05,bids,gemini
2587,1551760197,3949.0,2.0,asks,gemini
2088,1551760197,3640.0,0.275989,bids,gemini
2588,1551760197,3981.0,0.05,asks,gemini
2089,1551760197,3636.36,0.0544528,bids,gemini
2589,1551760197,3990.0,1.6324538,asks,gemini
2090,1551760197,3636.0,2.0,bids,gemini
2590,1551760197,3993.38,0.22,asks,gemini
2091,1551760197,3635.51,12.951,bids,gemini
2591,1551760197,3998.0,28.08842652,asks,gemini
2092,1551760197,3635.0,1.0178817,bids,gemini
2592,1551760197,3998.62,0.02666,asks,gemini
2093,1551760197,3630.4,0.5,bids,gemini
2593,1551760197,3999.0,0.78359402,asks,gemini
2094,1551760197,3630.1,9.641e-05,bids,gemini
2594,1551760197,4000.0,12.43421379,asks,gemini
2095,1551760197,3630.0,0.132,bids,gemini
2595,1551760197,4003.0,2.0,asks,gemini
2096,1551760197,3628.0,1.5,bids,gemini
2596,1551760197,4009.0,0.2,asks,gemini
2097,1551760197,3626.55,0.1366395,bids,gemini
2597,1551760197,4010.0,1.26043617,asks,gemini
2098,1551760197,3625.78,0.01379013,bids,gemini
2598,1551760197,4010.85,0.001578,asks,gemini
2099,1551760197,3625.06,0.00137928,bids,gemini
2599,1551760197,4011.0,1.0,asks,gemini
2100,1551760197,3625.0,20.75,bids,gemini
2600,1551760197,4021.0,0.5,asks,gemini
2101,1551760197,3624.3,0.01931407,bids,gemini
2601,1551760197,4033.0,0.08,asks,gemini
2102,1551760197,3622.0,0.01684152,bids,gemini
2602,1551760197,4038.38,0.05,asks,gemini
2103,1551760197,3620.5,0.02762049,bids,gemini
2603,1551760197,4050.0,1.93,asks,gemini
2104,1551760197,3620.1,9.668e-05,bids,gemini
2604,1551760197,4070.0,0.00052978,asks,gemini
2105,1551760197,3620.0,0.15469613,bids,gemini
2605,1551760197,4078.0,5.0,asks,gemini
2106,1551760197,3619.39,20.0,bids,gemini
2606,1551760197,4080.0,0.21,asks,gemini
2107,1551760197,3618.7,12.604,bids,gemini
2607,1551760197,4088.0,0.05,asks,gemini
2108,1551760197,3617.8,1.0,bids,gemini
2608,1551760197,4097.0,2.0,asks,gemini
2109,1551760197,3615.41,0.5475,bids,gemini
2609,1551760197,4098.0,10.0,asks,gemini
2110,1551760197,3611.06,0.327,bids,gemini
2610,1551760197,4100.0,8.70705298,asks,gemini
2111,1551760197,3610.1,9.695e-05,bids,gemini
2611,1551760197,4105.0,0.2,asks,gemini
2112,1551760197,3610.0,0.02027701,bids,gemini
2612,1551760197,4111.0,0.5,asks,gemini
2113,1551760197,3609.56,0.00138521,bids,gemini
2613,1551760197,4125.0,0.38204919,asks,gemini
2114,1551760197,3609.27,0.00678807,bids,gemini
2614,1551760197,4126.91,5.0,asks,gemini
2115,1551760197,3608.81,0.02702275,bids,gemini
2615,1551760197,4131.0,0.5,asks,gemini
2116,1551760197,3608.0,0.651,bids,gemini
2616,1551760197,4137.0,0.94813641,asks,gemini
2117,1551760197,3605.87,0.27460779,bids,gemini
2617,1551760197,4138.0,0.05,asks,gemini
2118,1551760197,3605.51,0.08320598,bids,gemini
2618,1551760197,4139.01,4.0,asks,gemini
2119,1551760197,3605.0,0.02875728,bids,gemini
2619,1551760197,4140.0,0.7,asks,gemini
2120,1551760197,3603.12,0.27753724,bids,gemini
2620,1551760197,4150.0,11.17824097,asks,gemini
2121,1551760197,3603.0,0.25,bids,gemini
2621,1551760197,4150.3,0.02652519,asks,gemini
2122,1551760197,3602.95,12.0,bids,gemini
2622,1551760197,4150.67,0.005952,asks,gemini
2123,1551760197,3602.73,0.01110269,bids,gemini
2623,1551760197,4154.32,5.0,asks,gemini
2124,1551760197,3602.56,0.13879019,bids,gemini
2624,1551760197,4167.0,0.0921,asks,gemini
2125,1551760197,3601.11,4.16538234,bids,gemini
2625,1551760197,4171.0,21.28558009,asks,gemini
2126,1551760197,3601.0,20.48958622,bids,gemini
2626,1551760197,4172.72,0.006721,asks,gemini
2127,1551760197,3600.87,0.00138855,bids,gemini
2627,1551760197,4180.0,1.0,asks,gemini
2128,1551760197,3600.42,0.02777453,bids,gemini
2628,1551760197,4181.82,5.0,asks,gemini
2129,1551760197,3600.24,0.19304268,bids,gemini
2629,1551760197,4185.0,0.0588122,asks,gemini
2130,1551760197,3600.1,9.721e-05,bids,gemini
2630,1551760197,4186.41,0.5,asks,gemini
2131,1551760197,3600.0,16.76353699,bids,gemini
2631,1551760197,4188.88,0.1,asks,gemini
2132,1551760197,3599.06,0.00138925,bids,gemini
2632,1551760197,4190.0,0.5,asks,gemini
2133,1551760197,3597.0,2.4429,bids,gemini
2633,1551760197,4195.0,0.55959476,asks,gemini
2134,1551760197,3595.0,1.15,bids,gemini
2634,1551760197,4195.34,0.05,asks,gemini
2135,1551760197,3591.97,0.1378213,bids,gemini
2635,1551760197,4196.0,1.17795656,asks,gemini
2136,1551760197,3590.1,9.749e-05,bids,gemini
2636,1551760197,4197.0,2.0,asks,gemini
2137,1551760197,3589.99,0.02757946,bids,gemini
2637,1551760197,4197.09,0.05,asks,gemini
2138,1551760197,3589.0,0.08045137,bids,gemini
2638,1551760197,4200.0,14.48919184,asks,gemini
2139,1551760197,3588.0,0.1393534,bids,gemini
2639,1551760197,4203.0,5.0,asks,gemini
2140,1551760197,3587.87,0.01,bids,gemini
2640,1551760197,4205.0,0.15,asks,gemini
2141,1551760197,3587.68,0.0054,bids,gemini
2641,1551760197,4205.91,0.25791973,asks,gemini
2142,1551760197,3587.44,0.05575006,bids,gemini
2642,1551760197,4209.32,22.0,asks,gemini
2143,1551760197,3587.19,0.02787697,bids,gemini
2643,1551760197,4212.36,0.05,asks,gemini
2144,1551760197,3582.7,0.13817511,bids,gemini
2644,1551760197,4222.0,0.5,asks,gemini
2145,1551760197,3580.93,0.08293934,bids,gemini
2645,1551760197,4227.19,0.2,asks,gemini
2146,1551760197,3580.26,0.01382581,bids,gemini
2646,1551760197,4230.0,1.0,asks,gemini
2147,1551760197,3580.1,9.776e-05,bids,gemini
2647,1551760197,4234.0,0.3,asks,gemini
2148,1551760197,3580.0,1.01698324,bids,gemini
2648,1551760197,4240.0,10.0,asks,gemini
2149,1551760197,3579.0,0.19474713,bids,gemini
2649,1551760197,4246.0,28.0,asks,gemini
2150,1551760197,3577.76,0.02096283,bids,gemini
2650,1551760197,4250.0,33.24867807,asks,gemini
2151,1551760197,3577.0,1.0,bids,gemini
2651,1551760197,4262.74,11.0,asks,gemini
2152,1551760197,3575.0,1.48197201,bids,gemini
2652,1551760197,4264.48,0.006829,asks,gemini
2153,1551760197,3572.83,8.0,bids,gemini
2653,1551760197,4269.0,0.1,asks,gemini
2154,1551760197,3570.74,0.01840784,bids,gemini
2654,1551760197,4285.52,0.07554787,asks,gemini
2155,1551760197,3570.1,9.803e-05,bids,gemini
2655,1551760197,4288.88,0.05,asks,gemini
2156,1551760197,3570.0,0.86483586,bids,gemini
2656,1551760197,4289.9,0.017155,asks,gemini
