price,size,ts,is_bid
3980.51,2.18011783,1553082222.572691,bid
3980.51,0.75879922,1553082222.572691,bid
3980.51,0.05,1553082222.572691,bid
3980.51,2.0,1553082222.572691,bid
3980.5,0.02,1553082222.572691,bid
3980.0,0.00328665,1553082222.572691,bid
3979.99,1.0,1553082222.572691,bid
3979.88,0.05025277,1553082222.572691,bid
3979.76,0.001,1553082222.572691,bid
3979.48,0.18033987,1553082222.572691,bid
3979.28,3.0,1553082222.572691,bid
3979.13,0.001,1553082222.572691,bid
3978.65,0.76,1553082222.572691,bid
3978.64,1.0,1553082222.572691,bid
3978.27,6.0,1553082222.572691,bid
3978.27,0.1,1553082222.572691,bid
3978.26,0.77301666,1553082222.572691,bid
3978.14,0.2,1553082222.572691,bid
3978.11,1.0,1553082222.572691,bid
3978.01,11.0,1553082222.572691,bid
3977.99,0.00586477,1553082222.572691,bid
3977.87,0.001,1553082222.572691,bid
3977.85,6.28,1553082222.572691,bid
3977.58,0.001,1553082222.572691,bid
3977.57,1.0,1553082222.572691,bid
3977.57,0.01,1553082222.572691,bid
3977.51,0.2,1553082222.572691,bid
3977.08,1.0,1553082222.572691,bid
3977.0,0.03198074,1553082222.572691,bid
3976.99,10.0,1553082222.572691,bid
3976.98,0.2,1553082222.572691,bid
3976.74,0.001,1553082222.572691,bid
3976.66,0.67442019,1553082222.572691,bid
3976.63,1.0,1553082222.572691,bid
3976.63,4.0,1553082222.572691,bid
3976.52,0.34,1553082222.572691,bid
3976.48,0.21,1553082222.572691,bid
3976.48,0.01210766,1553082222.572691,bid
3976.47,0.2,1553082222.572691,bid
3976.47,0.001,1553082222.572691,bid
3976.42,0.25148000000000004,1553082222.572691,bid
3976.38,0.0125743,1553082222.572691,bid
3976.36,0.14861329999999998,1553082222.572691,bid
3976.33,1.0,1553082222.572691,bid
3976.2,7.540230800000001,1553082222.572691,bid
3976.03,0.97105232,1553082222.572691,bid
3976.0,0.41857562,1553082222.572691,bid
3975.99,0.00586772,1553082222.572691,bid
3975.99,0.001,1553082222.572691,bid
3975.99,0.001,1553082222.572691,bid
3975.99,0.00313883,1553082222.572691,bid
3975.99,0.1,1553082222.572691,bid
3975.99,0.03921,1553082222.572691,bid
3975.99,0.00209507,1553082222.572691,bid
3975.99,0.25,1553082222.572691,bid
3975.99,0.0218,1553082222.572691,bid
3975.99,0.003,1553082222.572691,bid
3975.93,0.001,1553082222.572691,bid
3975.91,7.75545365,1553082222.572691,bid
3975.91,0.09,1553082222.572691,bid
3975.89,5.0,1553082222.572691,bid
3975.83,0.2,1553082222.572691,bid
3975.83,1.0,1553082222.572691,bid
3975.76,0.7310323000000001,1553082222.572691,bid
3975.33,0.02515514,1553082222.572691,bid
3975.3,0.0061,1553082222.572691,bid
3975.29,1.13488571,1553082222.572691,bid
3975.29,0.0028,1553082222.572691,bid
3975.29,0.01414079,1553082222.572691,bid
3975.29,1.0,1553082222.572691,bid
3975.28,0.0028,1553082222.572691,bid
3975.26,3.237,1553082222.572691,bid
3975.25,0.2,1553082222.572691,bid
3975.13,0.40200182,1553082222.572691,bid
3975.01,0.5815300999999999,1553082222.572691,bid
3975.0,3.08468926,1553082222.572691,bid
3975.0,0.01,1553082222.572691,bid
3975.0,0.25157232,1553082222.572691,bid
3975.0,0.01257861,1553082222.572691,bid
3975.0,0.001,1553082222.572691,bid
3975.0,0.01327318,1553082222.572691,bid
3975.0,0.05031447,1553082222.572691,bid
3975.0,0.12578616,1553082222.572691,bid
3975.0,0.2,1553082222.572691,bid
3975.0,0.0025,1553082222.572691,bid
3975.0,0.0028,1553082222.572691,bid
3975.0,2.0,1553082222.572691,bid
3974.99,4.34,1553082222.572691,bid
3974.98,0.51001262,1553082222.572691,bid
3974.85,0.22,1553082222.572691,bid
3974.84,0.001,1553082222.572691,bid
3974.74,1.0,1553082222.572691,bid
3974.66,0.01,1553082222.572691,bid
3974.59,0.053769000000000004,1553082222.572691,bid
3974.55,0.5,1553082222.572691,bid
3974.5,0.06290099,1553082222.572691,bid
3974.38,0.001,1553082222.572691,bid
3974.3,0.01,1553082222.572691,bid
3974.24,0.2,1553082222.572691,bid
3974.11,0.03,1553082222.572691,bid
3974.02,1.0,1553082222.572691,bid
3974.0,0.002516,1553082222.572691,bid
3973.74,0.5,1553082222.572691,bid
3973.51,3.93,1553082222.572691,bid
3973.36,0.25,1553082222.572691,bid
3973.36,1.5,1553082222.572691,bid
3973.33,0.2,1553082222.572691,bid
3973.24,0.2,1553082222.572691,bid
3973.07,0.001,1553082222.572691,bid
3973.06,0.76209493,1553082222.572691,bid
3973.02,1.0,1553082222.572691,bid
3973.01,0.01,1553082222.572691,bid
3973.0,0.0025,1553082222.572691,bid
3972.87,0.728446,1553082222.572691,bid
3972.73,1.60000397,1553082222.572691,bid
3972.64,0.98078361,1553082222.572691,bid
3972.6,0.10753800000000001,1553082222.572691,bid
3972.56,3.127,1553082222.572691,bid
3972.44,50.0,1553082222.572691,bid
3972.34,0.001,1553082222.572691,bid
3972.32,1.0,1553082222.572691,bid
3972.32,1.0,1553082222.572691,bid
3972.24,0.2,1553082222.572691,bid
3972.23,0.1,1553082222.572691,bid
3972.01,0.01,1553082222.572691,bid
3972.0,0.0125881,1553082222.572691,bid
3972.0,0.01258811,1553082222.572691,bid
3972.0,0.0025,1553082222.572691,bid
3971.99,0.00476196,1553082222.572691,bid
3971.99,0.01,1553082222.572691,bid
3971.96,1.0,1553082222.572691,bid
3971.96,3.74,1553082222.572691,bid
3971.86,0.2,1553082222.572691,bid
3971.81,0.25146999999999997,1553082222.572691,bid
3971.79,24.37199562,1553082222.572691,bid
3971.79,1.00710259,1553082222.572691,bid
3971.61,0.001,1553082222.572691,bid
3971.38,0.001,1553082222.572691,bid
3971.31,0.01166118,1553082222.572691,bid
3971.24,0.2,1553082222.572691,bid
3971.12,0.5,1553082222.572691,bid
3971.0,1.0,1553082222.572691,bid
3971.0,0.0252,1553082222.572691,bid
3970.96,0.001,1553082222.572691,bid
3970.83,0.2,1553082222.572691,bid
3970.82,0.64868932,1553082222.572691,bid
3970.29,0.01,1553082222.572691,bid
3970.25,0.005,1553082222.572691,bid
3970.24,1.00239564,1553082222.572691,bid
3970.18,4.18,1553082222.572691,bid
3970.03,3.56765444,1553082222.572691,bid
3970.0,1.0,1553082222.572691,bid
3970.0,1.0,1553082222.572691,bid
3970.0,0.01,1553082222.572691,bid
3970.0,1.0,1553082222.572691,bid
3970.0,0.01,1553082222.572691,bid
3970.0,0.01,1553082222.572691,bid
3970.0,0.005,1553082222.572691,bid
3970.0,5.0,1553082222.572691,bid
3970.0,0.06085811,1553082222.572691,bid
3970.0,0.01,1553082222.572691,bid
3970.0,0.019,1553082222.572691,bid
3970.0,1.0,1553082222.572691,bid
3970.0,1.99344633,1553082222.572691,bid
3970.0,0.075,1553082222.572691,bid
3970.0,0.3,1553082222.572691,bid
3970.0,0.07556675,1553082222.572691,bid
3970.0,0.01347927,1553082222.572691,bid
3970.0,0.125,1553082222.572691,bid
3970.0,0.0025,1553082222.572691,bid
3970.0,0.05,1553082222.572691,bid
3970.0,0.0503774,1553082222.572691,bid
3969.84,0.5,1553082222.572691,bid
3969.79,25.03765942,1553082222.572691,bid
3969.77,0.5,1553082222.572691,bid
3969.67,0.001,1553082222.572691,bid
3969.33,0.001,1553082222.572691,bid
3969.03,0.01,1553082222.572691,bid
3968.81,1.03006723,1553082222.572691,bid
3968.66,0.001,1553082222.572691,bid
3968.56,5.1,1553082222.572691,bid
3968.56,0.25,1553082222.572691,bid
3968.56,0.006,1553082222.572691,bid
3968.25,0.005,1553082222.572691,bid
3968.25,0.5,1553082222.572691,bid
3968.15,0.3,1553082222.572691,bid
3968.01,0.00412801,1553082222.572691,bid
3968.0,0.08,1553082222.572691,bid
3968.0,0.1,1553082222.572691,bid
3968.0,0.5,1553082222.572691,bid
3967.99,0.001,1553082222.572691,bid
3967.78,19.99,1553082222.572691,bid
3967.34,0.01166118,1553082222.572691,bid
3967.26,3.7,1553082222.572691,bid
3967.26,0.00575988,1553082222.572691,bid
3967.2,4.0,1553082222.572691,bid
3967.19,0.60776686,1553082222.572691,bid
3967.19,0.68381965,1553082222.572691,bid
3966.64,0.001,1553082222.572691,bid
3966.64,0.0069703000000000005,1553082222.572691,bid
3966.34,1.0,1553082222.572691,bid
3966.34,0.12938550000000001,1553082222.572691,bid
3966.31,0.48200000000000004,1553082222.572691,bid
3966.25,0.005,1553082222.572691,bid
3966.08,0.5,1553082222.572691,bid
3966.0,0.01,1553082222.572691,bid
3966.0,0.01260726,1553082222.572691,bid
3966.0,0.16960409,1553082222.572691,bid
3966.0,0.02,1553082222.572691,bid
3966.0,0.001,1553082222.572691,bid
3966.0,0.01260716,1553082222.572691,bid
3965.98,0.0176598,1553082222.572691,bid
3965.97,0.001,1553082222.572691,bid
3965.81,0.2,1553082222.572691,bid
3965.76,1.11,1553082222.572691,bid
3965.75,1.0,1553082222.572691,bid
3965.65,0.49974783,1553082222.572691,bid
3965.61,0.5,1553082222.572691,bid
3965.44,0.12608941,1553082222.572691,bid
3965.43,0.5,1553082222.572691,bid
3965.43,0.0065,1553082222.572691,bid
3965.43,7.930011299999999,1553082222.572691,bid
3965.3,0.001,1553082222.572691,bid
3965.28,0.0075,1553082222.572691,bid
3965.23,0.00601566,1553082222.572691,bid
3965.15,0.0075,1553082222.572691,bid
3965.15,0.0075,1553082222.572691,bid
3965.15,0.0075,1553082222.572691,bid
3965.05,0.01,1553082222.572691,bid
3965.0,0.07384542,1553082222.572691,bid
3965.0,0.01,1553082222.572691,bid
3965.0,0.77899187,1553082222.572691,bid
3965.0,0.1,1553082222.572691,bid
3965.0,0.01,1553082222.572691,bid
3965.0,1.0113493,1553082222.572691,bid
3965.0,0.0025,1553082222.572691,bid
3965.0,1.0,1553082222.572691,bid
3965.0,0.02522068,1553082222.572691,bid
3964.7,1.51,1553082222.572691,bid
3964.62,0.001,1553082222.572691,bid
3964.51,1.0,1553082222.572691,bid
3964.47,0.3,1553082222.572691,bid
3964.25,0.005,1553082222.572691,bid
3964.15,0.0198,1553082222.572691,bid
3964.04,4.37817218,1553082222.572691,bid
3964.0,0.1,1553082222.572691,bid
3964.0,0.6,1553082222.572691,bid
3964.0,0.00632783,1553082222.572691,bid
3963.86,22.6,1553082222.572691,bid
3963.81,3.94400755,1553082222.572691,bid
3963.71,0.25177,1553082222.572691,bid
3963.67,0.001,1553082222.572691,bid
3963.37,0.001,1553082222.572691,bid
3963.25,0.0914311,1553082222.572691,bid
3963.25,0.00649326,1553082222.572691,bid
3962.96,0.02,1553082222.572691,bid
3962.71,0.001,1553082222.572691,bid
3962.7,0.0198,1553082222.572691,bid
3962.61,0.01,1553082222.572691,bid
3962.5,0.001,1553082222.572691,bid
3962.25,0.005,1553082222.572691,bid
3962.25,0.0065,1553082222.572691,bid
3962.0,0.25239778,1553082222.572691,bid
3961.96,0.02,1553082222.572691,bid
3961.95,0.0065,1553082222.572691,bid
3961.87,0.1,1553082222.572691,bid
3961.75,0.001,1553082222.572691,bid
3961.68,0.05897339,1553082222.572691,bid
3961.53,0.25,1553082222.572691,bid
3961.52,0.02927667,1553082222.572691,bid
3961.44,0.025,1553082222.572691,bid
3961.42,1.327,1553082222.572691,bid
3961.26,0.0197,1553082222.572691,bid
3961.22,0.01215,1553082222.572691,bid
3961.16,1.0,1553082222.572691,bid
3961.07,0.01,1553082222.572691,bid
3961.0,0.12623075,1553082222.572691,bid
3961.0,0.01,1553082222.572691,bid
3960.8,0.01455761,1553082222.572691,bid
3960.79,0.001,1553082222.572691,bid
3960.75,0.5,1553082222.572691,bid
3960.62,0.03104567,1553082222.572691,bid
3960.55,0.04,1553082222.572691,bid
3960.51,0.09117106,1553082222.572691,bid
3960.5,0.2,1553082222.572691,bid
3960.1,3.73103483,1553082222.572691,bid
3960.01,0.20583262,1553082222.572691,bid
3960.0,0.0025,1553082222.572691,bid
3960.0,0.0025,1553082222.572691,bid
3960.0,0.002,1553082222.572691,bid
3960.0,0.027000000000000003,1553082222.572691,bid
3960.0,0.40981000000000006,1553082222.572691,bid
3960.0,0.01588376,1553082222.572691,bid
3960.0,0.002,1553082222.572691,bid
3960.0,0.0025,1553082222.572691,bid
3960.0,0.1,1553082222.572691,bid
3960.0,0.0253,1553082222.572691,bid
3960.0,3.00276894,1553082222.572691,bid
3960.0,0.008498,1553082222.572691,bid
3960.0,0.133,1553082222.572691,bid
3960.0,0.01,1553082222.572691,bid
3960.0,0.1,1553082222.572691,bid
3960.0,0.05,1553082222.572691,bid
3959.97,0.0125,1553082222.572691,bid
3959.93,0.001,1553082222.572691,bid
3959.89,18.4,1553082222.572691,bid
3959.82,0.0197,1553082222.572691,bid
3959.79,0.0065,1553082222.572691,bid
3959.59,0.2,1553082222.572691,bid
3959.55,0.01,1553082222.572691,bid
3959.24,0.00210393,1553082222.572691,bid
3959.23,0.00315212,1553082222.572691,bid
3959.14,1.0,1553082222.572691,bid
3959.06,0.001,1553082222.572691,bid
3959.0,0.07253151,1553082222.572691,bid
3958.89,0.002,1553082222.572691,bid
3958.66,0.02026947,1553082222.572691,bid
3958.65,0.0036858000000000004,1553082222.572691,bid
3958.38,0.0197,1553082222.572691,bid
3958.27,0.006828399999999999,1553082222.572691,bid
3958.22,0.15,1553082222.572691,bid
3958.19,0.001,1553082222.572691,bid
3958.16,0.0065,1553082222.572691,bid
3958.05,0.25177,1553082222.572691,bid
3958.0,0.051,1553082222.572691,bid
3958.0,0.013000000000000001,1553082222.572691,bid
3957.96,0.02,1553082222.572691,bid
3957.9,0.0379,1553082222.572691,bid
3957.62,0.03790157,1553082222.572691,bid
3957.5,0.00267261,1553082222.572691,bid
3957.32,0.001,1553082222.572691,bid
3957.23,0.00676988,1553082222.572691,bid
3957.09,0.01,1553082222.572691,bid
3957.0,0.0065,1553082222.572691,bid
3956.94,0.02,1553082222.572691,bid
3956.94,0.0197,1553082222.572691,bid
3956.46,0.001,1553082222.572691,bid
3956.0,2.0,1553082222.572691,bid
3956.0,7.245661999999999,1553082222.572691,bid
3955.99,0.0065,1553082222.572691,bid
3955.95,40.0,1553082222.572691,bid
3955.9,0.60922166,1553082222.572691,bid
3955.85,0.065,1553082222.572691,bid
3955.59,0.001,1553082222.572691,bid
3955.5,0.0198,1553082222.572691,bid
3955.18,0.02528329,1553082222.572691,bid
3955.0,0.02528445,1553082222.572691,bid
3955.0,0.25,1553082222.572691,bid
3955.0,0.01,1553082222.572691,bid
3955.0,0.25,1553082222.572691,bid
3955.0,0.125,1553082222.572691,bid
3955.0,2.0,1553082222.572691,bid
3955.0,0.5,1553082222.572691,bid
3955.0,0.02,1553082222.572691,bid
3954.72,0.001,1553082222.572691,bid
3954.63,0.22500809,1553082222.572691,bid
3954.63,0.0065,1553082222.572691,bid
3954.63,0.12643408,1553082222.572691,bid
3954.62,0.1,1553082222.572691,bid
3954.06,0.0198,1553082222.572691,bid
3954.04,0.0065,1553082222.572691,bid
3954.0,0.01,1553082222.572691,bid
3953.85,0.001,1553082222.572691,bid
3953.79,0.004,1553082222.572691,bid
3953.65,0.5,1553082222.572691,bid
3953.34,24.3,1553082222.572691,bid
3953.24,0.0065,1553082222.572691,bid
3953.12,1.0,1553082222.572691,bid
3953.11,0.01,1553082222.572691,bid
3953.0,0.25297242,1553082222.572691,bid
3953.0,0.01,1553082222.572691,bid
3952.96,0.02,1553082222.572691,bid
3952.62,0.0198,1553082222.572691,bid
3952.46,0.2,1553082222.572691,bid
3952.44,0.00873057,1553082222.572691,bid
3952.34,0.001,1553082222.572691,bid
3952.15,0.02049604,1553082222.572691,bid
3952.01,0.2,1553082222.572691,bid
3952.0,0.25,1553082222.572691,bid
3952.0,0.0065,1553082222.572691,bid
3952.0,0.01,1553082222.572691,bid
3952.0,0.42594855,1553082222.572691,bid
3952.0,0.13,1553082222.572691,bid
3951.98,0.25056504,1553082222.572691,bid
3951.74,0.06308034,1553082222.572691,bid
3951.66,0.025,1553082222.572691,bid
3951.56,0.81323316,1553082222.572691,bid
3951.47,0.00506141,1553082222.572691,bid
3951.35,5.0,1553082222.572691,bid
3951.3,0.0065,1553082222.572691,bid
3951.21,0.02,1553082222.572691,bid
3951.18,0.0198,1553082222.572691,bid
3951.11,0.009000000000000001,1553082222.572691,bid
3951.0,35.0,1553082222.572691,bid
3951.0,0.04,1553082222.572691,bid
3951.0,0.01,1553082222.572691,bid
3951.0,0.25,1553082222.572691,bid
3950.83,0.001,1553082222.572691,bid
3950.63,0.001,1553082222.572691,bid
3950.6,0.025,1553082222.572691,bid
3950.53,0.03037597,1553082222.572691,bid
3950.49,0.001,1553082222.572691,bid
3950.27,0.0759,1553082222.572691,bid
3950.27,0.00105999,1553082222.572691,bid
3950.25,0.01075854,1553082222.572691,bid
3950.15,0.14,1553082222.572691,bid
3950.12,1.0,1553082222.572691,bid
3950.01,0.05864289,1553082222.572691,bid
3950.0,0.12693874,1553082222.572691,bid
3950.0,0.08,1553082222.572691,bid
3950.0,0.0118481,1553082222.572691,bid
3950.0,0.0028,1553082222.572691,bid
3950.0,0.002,1553082222.572691,bid
3950.0,0.02,1553082222.572691,bid
3950.0,0.008856000000000001,1553082222.572691,bid
3950.0,1.0,1553082222.572691,bid
3950.0,0.05,1553082222.572691,bid
3950.0,0.2,1553082222.572691,bid
3950.0,0.5,1553082222.572691,bid
3950.0,0.0025,1553082222.572691,bid
3950.0,0.1,1553082222.572691,bid
3950.0,0.016122,1553082222.572691,bid
3950.0,0.025,1553082222.572691,bid
3950.0,0.01,1553082222.572691,bid
3950.0,0.00259,1553082222.572691,bid
3950.0,0.33110365,1553082222.572691,bid
3950.0,0.1,1553082222.572691,bid
3950.0,0.001,1553082222.572691,bid
3950.0,1.01265934,1553082222.572691,bid
3950.0,0.06329057,1553082222.572691,bid
3950.0,0.001,1553082222.572691,bid
3950.0,0.005,1553082222.572691,bid
3950.0,1.06962222,1553082222.572691,bid
3950.0,2.25,1553082222.572691,bid
3950.0,1.0,1553082222.572691,bid
3950.0,0.0063,1553082222.572691,bid
3950.0,0.0065,1553082222.572691,bid
3950.0,0.06329193,1553082222.572691,bid
3950.0,0.00295342,1553082222.572691,bid
3950.0,0.0125,1553082222.572691,bid
3950.0,0.00106261,1553082222.572691,bid
3950.0,0.01,1553082222.572691,bid
3950.0,0.002,1553082222.572691,bid
3950.0,0.005,1553082222.572691,bid
3950.0,1.25762025,1553082222.572691,bid
3950.0,0.76846499,1553082222.572691,bid
3950.0,0.0013,1553082222.572691,bid
3950.0,1.03544432,1553082222.572691,bid
3950.0,0.05063291,1553082222.572691,bid
3950.0,0.80488383,1553082222.572691,bid
3950.0,0.02531646,1553082222.572691,bid
3950.0,0.02,1553082222.572691,bid
3950.0,0.12658227,1553082222.572691,bid
3950.0,0.001,1553082222.572691,bid
3950.0,0.8251392,1553082222.572691,bid
3950.0,0.25,1553082222.572691,bid
3950.0,0.2815165,1553082222.572691,bid
3950.0,0.12,1553082222.572691,bid
3950.0,0.0215443,1553082222.572691,bid
3950.0,0.01,1553082222.572691,bid
3950.0,0.00760911,1553082222.572691,bid
3950.0,0.1,1553082222.572691,bid
3950.0,1.0,1553082222.572691,bid
3950.0,0.0253,1553082222.572691,bid
3950.0,2.0,1553082222.572691,bid
3950.0,0.01,1553082222.572691,bid
3950.0,0.001,1553082222.572691,bid
3950.0,0.07521034,1553082222.572691,bid
3950.0,0.65923137,1553082222.572691,bid
3950.0,0.1392405,1553082222.572691,bid
3950.0,1.0,1553082222.572691,bid
3950.0,0.02531645,1553082222.572691,bid
3949.85,0.13,1553082222.572691,bid
3949.74,0.0198,1553082222.572691,bid
3949.5,0.0502,1553082222.572691,bid
3949.49,0.001,1553082222.572691,bid
3949.32,0.001,1553082222.572691,bid
3949.14,0.010819200000000001,1553082222.572691,bid
3949.13,0.01,1553082222.572691,bid
3949.0,0.01,1553082222.572691,bid
3948.94,0.00718801,1553082222.572691,bid
3948.43,0.25177,1553082222.572691,bid
3948.3,0.0198,1553082222.572691,bid
3948.01,0.5,1553082222.572691,bid
3948.0,0.0065,1553082222.572691,bid
3948.0,0.01,1553082222.572691,bid
3947.96,0.02,1553082222.572691,bid
3947.88,1.0,1553082222.572691,bid
3947.86,0.02010147,1553082222.572691,bid
3947.81,0.001,1553082222.572691,bid
3947.25,21.56,1553082222.572691,bid
3947.0,0.01,1553082222.572691,bid
3946.87,0.0197,1553082222.572691,bid
3946.54,0.001,1553082222.572691,bid
3946.29,0.001,1553082222.572691,bid
3946.1,0.02,1553082222.572691,bid
3946.0,0.055,1553082222.572691,bid
3946.0,0.0065,1553082222.572691,bid
3946.0,0.01,1553082222.572691,bid
3945.78,0.02,1553082222.572691,bid
3945.6,0.1,1553082222.572691,bid
3945.44,0.0197,1553082222.572691,bid
3945.19,0.0383839,1553082222.572691,bid
3945.17,0.0065,1553082222.572691,bid
3945.15,0.01,1553082222.572691,bid
3945.1,2.2296,1553082222.572691,bid
3945.0,0.00253486,1553082222.572691,bid
3945.0,0.04,1553082222.572691,bid
3945.0,0.01,1553082222.572691,bid
3945.0,1.0049,1553082222.572691,bid
3945.0,0.01,1553082222.572691,bid
3944.87,0.5,1553082222.572691,bid
3944.4,0.001,1553082222.572691,bid
3944.3,0.01,1553082222.572691,bid
3944.01,0.0197,1553082222.572691,bid
3944.0,0.1101526,1553082222.572691,bid
3944.0,0.13,1553082222.572691,bid
3944.0,1.0,1553082222.572691,bid
3944.0,0.0065,1553082222.572691,bid
3944.0,0.01,1553082222.572691,bid
3943.86,1.7209999999999999,1553082222.572691,bid
3943.63,0.20204809,1553082222.572691,bid
3943.58,0.01648226,1553082222.572691,bid
3943.58,0.002,1553082222.572691,bid
3943.34,0.4,1553082222.572691,bid
3943.0,0.01,1553082222.572691,bid
3943.0,0.01,1553082222.572691,bid
3943.0,1.2676844999999999,1553082222.572691,bid
3942.96,0.02,1553082222.572691,bid
3942.95,0.5,1553082222.572691,bid
3942.93,0.0065,1553082222.572691,bid
3942.72,0.01,1553082222.572691,bid
3942.59,0.0197,1553082222.572691,bid
3942.5,0.001,1553082222.572691,bid
3942.01,0.003804,1553082222.572691,bid
3942.0,0.01,1553082222.572691,bid
3942.0,0.01,1553082222.572691,bid
3941.52,23.3,1553082222.572691,bid
3941.17,0.01,1553082222.572691,bid
3941.14,0.0065,1553082222.572691,bid
3941.0,0.01,1553082222.572691,bid
3940.91,1.01745536,1553082222.572691,bid
3940.62,0.0901405,1553082222.572691,bid
3940.45,0.001,1553082222.572691,bid
3940.45,0.02,1553082222.572691,bid
3940.1,1.0,1553082222.572691,bid
3940.0,0.1,1553082222.572691,bid
3940.0,0.01544331,1553082222.572691,bid
3940.0,0.00500001,1553082222.572691,bid
3940.0,0.001,1553082222.572691,bid
3940.0,0.2,1553082222.572691,bid
3940.0,2.0,1553082222.572691,bid
3940.0,0.002,1553082222.572691,bid
3940.0,0.00599062,1553082222.572691,bid
3940.0,0.0025,1553082222.572691,bid
3940.0,0.01010931,1553082222.572691,bid
3940.0,1.23430516,1553082222.572691,bid
3940.0,0.001,1553082222.572691,bid
3940.0,2.53,1553082222.572691,bid
3940.0,0.0254,1553082222.572691,bid
3940.0,0.03315589,1553082222.572691,bid
3940.0,0.25,1553082222.572691,bid
3940.0,0.01,1553082222.572691,bid
3940.0,0.01,1553082222.572691,bid
3940.0,0.002,1553082222.572691,bid
3940.0,0.4168,1553082222.572691,bid
3940.0,0.075,1553082222.572691,bid
3940.0,0.05,1553082222.572691,bid
3940.0,0.01,1553082222.572691,bid
3940.0,1.32793884,1553082222.572691,bid
3940.0,0.025380700000000003,1553082222.572691,bid
3939.86,0.02,1553082222.572691,bid
3939.83,11.03880116,1553082222.572691,bid
3939.5,0.0065,1553082222.572691,bid
3939.0,2.0,1553082222.572691,bid
3939.0,2.0,1553082222.572691,bid
3939.0,10.35503741,1553082222.572691,bid
3939.0,0.01,1553082222.572691,bid
3939.0,0.10391848,1553082222.572691,bid
3938.65,0.32612999,1553082222.572691,bid
3938.59,0.5,1553082222.572691,bid
3938.0,0.01273231,1553082222.572691,bid
3938.0,0.0065,1553082222.572691,bid
3938.0,0.01,1553082222.572691,bid
3937.96,0.02,1553082222.572691,bid
3937.86,0.001,1553082222.572691,bid
3937.5,1.0,1553082222.572691,bid
3937.27,0.02539831,1553082222.572691,bid
3937.19,0.01,1553082222.572691,bid
3937.0,0.01,1553082222.572691,bid
3937.0,0.15538544,1553082222.572691,bid
3936.57,0.001,1553082222.572691,bid
3936.47,0.0065,1553082222.572691,bid
3936.04,0.0041315,1553082222.572691,bid
3936.0,0.01,1553082222.572691,bid
3935.61,0.001,1553082222.572691,bid
3935.5,0.02540992,1553082222.572691,bid
3935.31,25.4,1553082222.572691,bid
3935.27,0.001,1553082222.572691,bid
3935.0,0.5,1553082222.572691,bid
3935.0,0.01,1553082222.572691,bid
3935.0,0.01,1553082222.572691,bid
3934.6,1.0,1553082222.572691,bid
3934.57,0.001,1553082222.572691,bid
3934.44,0.1,1553082222.572691,bid
3934.38,0.0653894,1553082222.572691,bid
3934.38,0.0065,1553082222.572691,bid
3934.23,0.001,1553082222.572691,bid
3934.0,0.01,1553082222.572691,bid
3934.0,0.01,1553082222.572691,bid
3933.78,0.08904001,1553082222.572691,bid
3933.49,0.00211771,1553082222.572691,bid
3933.49,0.01141819,1553082222.572691,bid
3933.45,0.01505803,1553082222.572691,bid
3933.21,0.04,1553082222.572691,bid
3933.0,0.12712942,1553082222.572691,bid
3933.0,0.01,1553082222.572691,bid
3933.0,0.001,1553082222.572691,bid
3932.99,0.00985518,1553082222.572691,bid
3932.92,0.0064,1553082222.572691,bid
3932.91,0.02868212,1553082222.572691,bid
3932.68,0.001,1553082222.572691,bid
3932.28,1.272,1553082222.572691,bid
3932.1,0.00211591,1553082222.572691,bid
3932.1,0.25177,1553082222.572691,bid
3932.0,0.02,1553082222.572691,bid
3932.0,0.01,1553082222.572691,bid
3932.0,0.03,1553082222.572691,bid
3931.55,0.12655573,1553082222.572691,bid
3931.46,0.001,1553082222.572691,bid
3931.39,0.10171518,1553082222.572691,bid
3931.21,0.02,1553082222.572691,bid
3931.0,0.03833587,1553082222.572691,bid
3931.0,0.02,1553082222.572691,bid
3931.0,0.01,1553082222.572691,bid
3931.0,0.038,1553082222.572691,bid
3930.74,0.0065,1553082222.572691,bid
3930.51,0.11483299999999999,1553082222.572691,bid
3930.5,0.01081218,1553082222.572691,bid
3930.37,0.5,1553082222.572691,bid
3930.24,0.001,1553082222.572691,bid
3930.22,0.02,1553082222.572691,bid
3930.0,0.002,1553082222.572691,bid
3930.0,0.002,1553082222.572691,bid
3930.0,0.0025,1553082222.572691,bid
3930.0,0.5,1553082222.572691,bid
3930.0,0.01,1553082222.572691,bid
3930.0,0.07166036,1553082222.572691,bid
3930.0,0.02,1553082222.572691,bid
3930.0,0.05353693,1553082222.572691,bid
3930.0,0.02491075,1553082222.572691,bid
3930.0,0.01,1553082222.572691,bid
3930.0,0.011000000000000001,1553082222.572691,bid
3930.0,0.11884696,1553082222.572691,bid
3929.26,0.0894341,1553082222.572691,bid
3929.26,0.01,1553082222.572691,bid
3929.0,0.01,1553082222.572691,bid
3928.95,0.09684705,1553082222.572691,bid
3928.88,0.02081725,1553082222.572691,bid
3928.85,2.79786423,1553082222.572691,bid
3928.25,0.07298083,1553082222.572691,bid
3928.0,0.01,1553082222.572691,bid
3928.0,0.01,1553082222.572691,bid
3927.96,0.001,1553082222.572691,bid
3927.0,0.0564,1553082222.572691,bid
3927.0,0.01,1553082222.572691,bid
3926.77,0.0061973,1553082222.572691,bid
3926.77,0.0065,1553082222.572691,bid
3926.72,0.12507828,1553082222.572691,bid
3926.6,0.1,1553082222.572691,bid
3926.21,0.02,1553082222.572691,bid
3926.19,0.09178957,1553082222.572691,bid
3926.12,3.6910000000000003,1553082222.572691,bid
3926.0,0.12,1553082222.572691,bid
3926.0,0.01,1553082222.572691,bid
3926.0,0.12735608,1553082222.572691,bid
3926.0,0.25229241,1553082222.572691,bid
3925.91,0.001,1553082222.572691,bid
3925.39,0.01,1553082222.572691,bid
3925.39,0.005,1553082222.572691,bid
3925.39,0.0065,1553082222.572691,bid
3925.2,0.5,1553082222.572691,bid
3925.13,0.09402866,1553082222.572691,bid
3925.12,0.005,1553082222.572691,bid
3925.0,0.0025,1553082222.572691,bid
3925.0,0.005,1553082222.572691,bid
3925.0,0.5,1553082222.572691,bid
3925.0,0.07388542,1553082222.572691,bid
3925.0,0.01,1553082222.572691,bid
3925.0,0.0125,1553082222.572691,bid
3925.0,0.0113,1553082222.572691,bid
3925.0,0.002,1553082222.572691,bid
3925.0,1.0,1553082222.572691,bid
3925.0,0.0028,1553082222.572691,bid
3925.0,0.00254778,1553082222.572691,bid
3925.0,0.01,1553082222.572691,bid
3925.0,0.25,1553082222.572691,bid
3925.0,0.04459882,1553082222.572691,bid
3925.0,0.05,1553082222.572691,bid
3925.0,1.52134889,1553082222.572691,bid
3924.93,0.004,1553082222.572691,bid
3924.09,0.001,1553082222.572691,bid
3924.0,0.01,1553082222.572691,bid
3924.0,0.03312946,1553082222.572691,bid
3923.52,0.15,1553082222.572691,bid
3923.52,0.0065,1553082222.572691,bid
3923.02,0.001,1553082222.572691,bid
3923.0,0.25,1553082222.572691,bid
3923.0,0.01,1553082222.572691,bid
3922.25,0.51,1553082222.572691,bid
3922.08,0.06354476,1553082222.572691,bid
3922.0,0.01,1553082222.572691,bid
3922.0,0.05,1553082222.572691,bid
3921.95,0.001,1553082222.572691,bid
3921.92,0.001,1553082222.572691,bid
3921.82,0.02549837,1553082222.572691,bid
3921.65,0.01,1553082222.572691,bid
3921.37,0.02050048,1553082222.572691,bid
3921.37,0.03894555,1553082222.572691,bid
3921.24,0.01,1553082222.572691,bid
3921.02,0.02,1553082222.572691,bid
3921.0,0.01,1553082222.572691,bid
3921.0,0.3,1553082222.572691,bid
3920.88,0.001,1553082222.572691,bid
3920.4,0.0255,1553082222.572691,bid
3920.22,0.005,1553082222.572691,bid
3920.01,0.4,1553082222.572691,bid
3920.0,0.0312551,1553082222.572691,bid
3920.0,0.16,1553082222.572691,bid
3920.0,0.002,1553082222.572691,bid
3920.0,0.00255102,1553082222.572691,bid
3920.0,0.01,1553082222.572691,bid
3920.0,0.002,1553082222.572691,bid
3920.0,0.02,1553082222.572691,bid
3920.0,0.1002233,1553082222.572691,bid
3920.0,0.5,1553082222.572691,bid
3920.0,0.5,1553082222.572691,bid
3920.0,0.01,1553082222.572691,bid
3920.0,0.1,1553082222.572691,bid
3920.0,0.001,1553082222.572691,bid
3920.0,0.25,1553082222.572691,bid
3920.0,0.07653,1553082222.572691,bid
3920.0,0.021,1553082222.572691,bid
3920.0,0.40712913,1553082222.572691,bid
3920.0,0.42391999999999996,1553082222.572691,bid
3920.0,0.01,1553082222.572691,bid
3920.0,0.90722172,1553082222.572691,bid
3920.0,0.011000000000000001,1553082222.572691,bid
3919.13,0.0065,1553082222.572691,bid
3919.12,0.1,1553082222.572691,bid
3919.0,0.01,1553082222.572691,bid
3918.99,0.00212299,1553082222.572691,bid
3918.84,0.001,1553082222.572691,bid
3918.82,0.01,1553082222.572691,bid
3918.0,0.01,1553082222.572691,bid
3918.0,8.5,1553082222.572691,bid
3917.49,0.0082631,1553082222.572691,bid
3917.46,0.00683861,1553082222.572691,bid
3917.19,0.01039283,1553082222.572691,bid
3917.0,0.015,1553082222.572691,bid
3917.0,0.01,1553082222.572691,bid
3916.79,0.001,1553082222.572691,bid
3916.78,0.015,1553082222.572691,bid
3916.38,0.013000000000000001,1553082222.572691,bid
3916.0,0.01,1553082222.572691,bid
3916.0,0.01,1553082222.572691,bid
3916.0,0.5,1553082222.572691,bid
3915.72,0.75988336,1553082222.572691,bid
3915.72,0.06397238,1553082222.572691,bid
3915.7,0.10613669,1553082222.572691,bid
3915.55,0.001,1553082222.572691,bid
3915.46,0.02,1553082222.572691,bid
3915.13,0.306,1553082222.572691,bid
3915.13,1.0,1553082222.572691,bid
3915.11,0.03,1553082222.572691,bid
3915.0,0.002555,1553082222.572691,bid
3915.0,18.51549084,1553082222.572691,bid
3915.0,1.2,1553082222.572691,bid
3915.0,0.75,1553082222.572691,bid
3914.99,0.12654716,1553082222.572691,bid
3914.39,0.001,1553082222.572691,bid
3914.35,0.0010400000000000001,1553082222.572691,bid
3914.31,0.001,1553082222.572691,bid
3914.26,20.0,1553082222.572691,bid
3914.03,0.12682571,1553082222.572691,bid
3914.03,0.0065,1553082222.572691,bid
3914.0,0.01,1553082222.572691,bid
3914.0,0.44032390000000005,1553082222.572691,bid
3914.0,1.0,1553082222.572691,bid
3913.0,0.01,1553082222.572691,bid
3912.94,1.0,1553082222.572691,bid
3912.9,0.004,1553082222.572691,bid
3912.8,0.001,1553082222.572691,bid
3912.5,0.01,1553082222.572691,bid
3912.5,1.0,1553082222.572691,bid
3912.35,0.12512,1553082222.572691,bid
3912.0,0.25,1553082222.572691,bid
3912.0,0.5,1553082222.572691,bid
3912.0,0.01,1553082222.572691,bid
3912.0,0.01,1553082222.572691,bid
3912.0,0.07055214,1553082222.572691,bid
3912.0,0.00125,1553082222.572691,bid
3912.0,0.25,1553082222.572691,bid
3911.28,0.001,1553082222.572691,bid
3911.0,0.34015582,1553082222.572691,bid
3911.0,0.01,1553082222.572691,bid
3911.0,0.05,1553082222.572691,bid
3910.44,4.0,1553082222.572691,bid
3910.35,0.0256,1553082222.572691,bid
3910.0,0.00757568,1553082222.572691,bid
3910.0,0.003,1553082222.572691,bid
3910.0,5.88719897,1553082222.572691,bid
3910.0,0.002,1553082222.572691,bid
3910.0,0.05,1553082222.572691,bid
3910.0,0.10186701,1553082222.572691,bid
3910.0,0.3,1553082222.572691,bid
3910.0,0.01,1553082222.572691,bid
3910.0,0.5,1553082222.572691,bid
3910.0,0.0256,1553082222.572691,bid
3910.0,0.002,1553082222.572691,bid
3910.0,0.2,1553082222.572691,bid
3910.0,0.255,1553082222.572691,bid
3910.0,0.00576829,1553082222.572691,bid
3910.0,0.10196888,1553082222.572691,bid
3910.0,3.0,1553082222.572691,bid
3910.0,0.02,1553082222.572691,bid
3910.0,0.15,1553082222.572691,bid
3910.0,0.01,1553082222.572691,bid
3909.99,0.01,1553082222.572691,bid
3909.77,0.001,1553082222.572691,bid
3909.33,0.0065,1553082222.572691,bid
3909.26,0.10154681,1553082222.572691,bid
3909.12,0.1,1553082222.572691,bid
3909.0,0.01,1553082222.572691,bid
3909.0,0.01,1553082222.572691,bid
3908.8,0.15438508,1553082222.572691,bid
3908.39,7.087999999999999,1553082222.572691,bid
3908.25,0.001,1553082222.572691,bid
3908.21,0.010328799999999999,1553082222.572691,bid
3908.1,0.3,1553082222.572691,bid
3908.0,0.0125,1553082222.572691,bid
3908.0,0.01,1553082222.572691,bid
3908.0,2.76459533,1553082222.572691,bid
3907.97,0.02,1553082222.572691,bid
3907.5,0.01,1553082222.572691,bid
3907.19,0.001,1553082222.572691,bid
3907.0,0.01,1553082222.572691,bid
3906.5,0.06,1553082222.572691,bid
3906.12,0.001,1553082222.572691,bid
3906.0,0.01,1553082222.572691,bid
3906.0,0.1,1553082222.572691,bid
3905.5,0.001,1553082222.572691,bid
3905.05,0.001,1553082222.572691,bid
3905.01,0.1,1553082222.572691,bid
3905.0,0.012,1553082222.572691,bid
3905.0,0.01,1553082222.572691,bid
3905.0,0.05,1553082222.572691,bid
3905.0,1.0,1553082222.572691,bid
3905.0,0.01,1553082222.572691,bid
3905.0,0.00256082,1553082222.572691,bid
3905.0,0.04,1553082222.572691,bid
3905.0,0.1,1553082222.572691,bid
3905.0,1.34735211,1553082222.572691,bid
3905.0,0.26,1553082222.572691,bid
3904.95,0.01,1553082222.572691,bid
3904.95,0.01,1553082222.572691,bid
3904.93,0.004,1553082222.572691,bid
3904.64,0.00984377,1553082222.572691,bid
3904.58,0.03847076,1553082222.572691,bid
3904.37,0.08268691,1553082222.572691,bid
3904.14,0.025,1553082222.572691,bid
3904.0,0.23,1553082222.572691,bid
3904.0,0.01,1553082222.572691,bid
3904.0,0.17430013,1553082222.572691,bid
3903.98,0.001,1553082222.572691,bid
3903.66,0.02564553,1553082222.572691,bid
3903.48,0.0065,1553082222.572691,bid
3903.47,0.0874,1553082222.572691,bid
3903.26,0.01,1553082222.572691,bid
3903.13,0.153,1553082222.572691,bid
3903.0,0.01,1553082222.572691,bid
3903.0,0.001,1553082222.572691,bid
3902.71,0.1263504,1553082222.572691,bid
3902.63,0.001,1553082222.572691,bid
3902.6,0.10265894,1553082222.572691,bid
3902.57,0.076831,1553082222.572691,bid
3902.5,0.01,1553082222.572691,bid
3902.25,0.7,1553082222.572691,bid
3902.0,0.01,1553082222.572691,bid
3902.0,1.0,1553082222.572691,bid
3901.96,1.2767,1553082222.572691,bid
3901.29,0.01,1553082222.572691,bid
3901.28,0.001,1553082222.572691,bid
3901.13,3.54,1553082222.572691,bid
3901.11,0.01,1553082222.572691,bid
3901.01,1.0,1553082222.572691,bid
3901.0,0.1,1553082222.572691,bid
3901.0,0.06732119,1553082222.572691,bid
3901.0,0.1,1553082222.572691,bid
3901.0,0.05,1553082222.572691,bid
3901.0,0.2,1553082222.572691,bid
3901.0,1.53191489,1553082222.572691,bid
3901.0,0.005,1553082222.572691,bid
3901.0,0.01,1553082222.572691,bid
3901.0,0.02,1553082222.572691,bid
3901.0,35.0,1553082222.572691,bid
3901.0,0.01,1553082222.572691,bid
3901.0,0.01,1553082222.572691,bid
3901.0,0.01,1553082222.572691,bid
3901.0,0.01,1553082222.572691,bid
3901.0,0.01,1553082222.572691,bid
3901.0,0.01,1553082222.572691,bid
3901.0,0.01,1553082222.572691,bid
3901.0,0.01,1553082222.572691,bid
3901.0,0.01,1553082222.572691,bid
3901.0,0.01,1553082222.572691,bid
3901.0,0.01,1553082222.572691,bid
3901.0,0.01,1553082222.572691,bid
3901.0,0.01,1553082222.572691,bid
3901.0,0.01,1553082222.572691,bid
3901.0,0.01,1553082222.572691,bid
3901.0,0.01,1553082222.572691,bid
3901.0,0.01,1553082222.572691,bid
3901.0,0.01,1553082222.572691,bid
3901.0,0.25634452,1553082222.572691,bid
3900.89,0.00125,1553082222.572691,bid
3900.01,0.025640899999999998,1553082222.572691,bid
3900.01,0.001,1553082222.572691,bid
3900.01,0.09329868,1553082222.572691,bid
3900.01,0.12832098,1553082222.572691,bid
3900.01,1.282047,1553082222.572691,bid
3900.01,1.0,1553082222.572691,bid
3900.01,0.3846144,1553082222.572691,bid
3900.0,0.02564103,1553082222.572691,bid
3900.0,0.002555,1553082222.572691,bid
3900.0,0.012,1553082222.572691,bid
3900.0,0.25,1553082222.572691,bid
3900.0,0.004,1553082222.572691,bid
3900.0,0.002,1553082222.572691,bid
3900.0,0.12820512,1553082222.572691,bid
3900.0,4.35,1553082222.572691,bid
3900.0,0.004,1553082222.572691,bid
3900.0,0.35727564,1553082222.572691,bid
3900.0,0.8425,1553082222.572691,bid
3900.0,0.03205128,1553082222.572691,bid
3900.0,0.001,1553082222.572691,bid
3900.0,0.02,1553082222.572691,bid
3900.0,0.005,1553082222.572691,bid
3900.0,0.02,1553082222.572691,bid
3900.0,0.005,1553082222.572691,bid
3900.0,1.0,1553082222.572691,bid
3900.0,0.002,1553082222.572691,bid
3900.0,0.0256,1553082222.572691,bid
3900.0,0.002,1553082222.572691,bid
3900.0,0.06096936,1553082222.572691,bid
3900.0,0.02,1553082222.572691,bid
3900.0,0.025,1553082222.572691,bid
3900.0,0.0447,1553082222.572691,bid
3900.0,0.25,1553082222.572691,bid
3900.0,0.05,1553082222.572691,bid
3900.0,0.25,1553082222.572691,bid
3900.0,0.15,1553082222.572691,bid
3900.0,0.07693,1553082222.572691,bid
3900.0,0.01,1553082222.572691,bid
3900.0,0.05,1553082222.572691,bid
3900.0,0.002565,1553082222.572691,bid
3900.0,0.02,1553082222.572691,bid
3900.0,0.1,1553082222.572691,bid
3900.0,0.003,1553082222.572691,bid
3900.0,0.0035,1553082222.572691,bid
3900.0,7.01641026,1553082222.572691,bid
3900.0,0.02356462,1553082222.572691,bid
3900.0,1.0,1553082222.572691,bid
3900.0,0.1,1553082222.572691,bid
3900.0,0.015,1553082222.572691,bid
3900.0,0.01840487,1553082222.572691,bid
3900.0,0.0011,1553082222.572691,bid
3900.0,1.0,1553082222.572691,bid
3900.0,0.02,1553082222.572691,bid
3900.0,0.00115058,1553082222.572691,bid
3900.0,0.01,1553082222.572691,bid
3900.0,0.001,1553082222.572691,bid
3900.0,0.00506871,1553082222.572691,bid
3900.0,0.28205128,1553082222.572691,bid
3900.0,0.00641026,1553082222.572691,bid
3900.0,0.01283333,1553082222.572691,bid
3900.0,0.01,1553082222.572691,bid
3900.0,0.05,1553082222.572691,bid
3900.0,0.001,1553082222.572691,bid
3900.0,0.1,1553082222.572691,bid
3900.0,0.025,1553082222.572691,bid
3900.0,0.01,1553082222.572691,bid
3900.0,0.15,1553082222.572691,bid
3900.0,0.21,1553082222.572691,bid
3900.0,0.02278974,1553082222.572691,bid
3900.0,0.02,1553082222.572691,bid
3900.0,0.01,1553082222.572691,bid
3900.0,0.025,1553082222.572691,bid
3900.0,0.25,1553082222.572691,bid
3900.0,0.002,1553082222.572691,bid
3900.0,0.0025629999999999997,1553082222.572691,bid
3900.0,1.0,1553082222.572691,bid
3900.0,0.01,1553082222.572691,bid
3900.0,0.00752515,1553082222.572691,bid
3900.0,0.002,1553082222.572691,bid
3900.0,0.02,1553082222.572691,bid
3900.0,0.00641128,1553082222.572691,bid
3900.0,1.0,1553082222.572691,bid
3900.0,0.07776411,1553082222.572691,bid
3900.0,0.01962941,1553082222.572691,bid
3900.0,0.02564103,1553082222.572691,bid
3900.0,0.07692308,1553082222.572691,bid
3900.0,0.50897565,1553082222.572691,bid
3900.0,0.28205128,1553082222.572691,bid
3900.0,0.0499,1553082222.572691,bid
3900.0,0.01282229,1553082222.572691,bid
3900.0,0.001,1553082222.572691,bid
3900.0,0.85600853,1553082222.572691,bid
3900.0,0.01,1553082222.572691,bid
3900.0,0.0064,1553082222.572691,bid
3900.0,0.025,1553082222.572691,bid
3900.0,2.10576923,1553082222.572691,bid
3900.0,0.07692308,1553082222.572691,bid
3900.0,0.11538499999999999,1553082222.572691,bid
3900.0,0.05,1553082222.572691,bid
3900.0,0.5,1553082222.572691,bid
3900.0,0.01,1553082222.572691,bid
3900.0,1.0,1553082222.572691,bid
3900.0,0.15,1553082222.572691,bid
3900.0,0.2,1553082222.572691,bid
3900.0,0.13,1553082222.572691,bid
3900.0,0.47567641,1553082222.572691,bid
3900.0,1.0,1553082222.572691,bid
3900.0,0.43116000000000004,1553082222.572691,bid
3900.0,3.5,1553082222.572691,bid
3900.0,0.001,1553082222.572691,bid
3900.0,0.25,1553082222.572691,bid
3900.0,0.74359083,1553082222.572691,bid
3900.0,0.21339264,1553082222.572691,bid
3900.0,0.00400769,1553082222.572691,bid
3900.0,1.0,1553082222.572691,bid
3900.0,0.051,1553082222.572691,bid
3900.0,0.13653846,1553082222.572691,bid
3900.0,0.5,1553082222.572691,bid
3900.0,1.0,1553082222.572691,bid
3900.0,0.25,1553082222.572691,bid
3900.0,0.07686,1553082222.572691,bid
3900.0,0.01,1553082222.572691,bid
3900.0,0.012576799999999999,1553082222.572691,bid
3900.0,0.08974359,1553082222.572691,bid
3900.0,0.03,1553082222.572691,bid
3900.0,0.03333395,1553082222.572691,bid
3900.0,0.05,1553082222.572691,bid
3899.99,0.00213333,1553082222.572691,bid
3899.99,0.0028,1553082222.572691,bid
3899.93,0.001,1553082222.572691,bid
3899.71,0.04113966,1553082222.572691,bid
3899.29,0.001,1553082222.572691,bid
3899.22,0.00930988,1553082222.572691,bid
3899.01,0.00590255,1553082222.572691,bid
3899.0,0.01,1553082222.572691,bid
3899.0,0.0028,1553082222.572691,bid
3899.0,0.05,1553082222.572691,bid
3899.0,0.00897666,1553082222.572691,bid
3898.94,0.0123946,1553082222.572691,bid
3898.82,0.027999999999999997,1553082222.572691,bid
3898.57,0.001,1553082222.572691,bid
3898.0,0.15,1553082222.572691,bid
3898.0,0.01,1553082222.572691,bid
3897.22,0.001,1553082222.572691,bid
3897.0,0.01,1553082222.572691,bid
3897.0,0.0065,1553082222.572691,bid
3896.0,0.4,1553082222.572691,bid
3896.0,0.01,1553082222.572691,bid
3895.86,0.001,1553082222.572691,bid
3895.06,0.223,1553082222.572691,bid
3895.0,0.00256739,1553082222.572691,bid
3895.0,0.012,1553082222.572691,bid
3895.0,2.0,1553082222.572691,bid
3895.0,2.06727,1553082222.572691,bid
3895.0,0.01,1553082222.572691,bid
3895.0,0.03,1553082222.572691,bid
3895.0,0.30829787,1553082222.572691,bid
3894.86,0.001,1553082222.572691,bid
3894.67,0.01,1553082222.572691,bid
3894.21,0.05866788,1553082222.572691,bid
3894.0,0.01,1553082222.572691,bid
3894.0,0.05,1553082222.572691,bid
3893.85,0.001,1553082222.572691,bid
3893.44,0.0576688,1553082222.572691,bid
3893.33,0.10222236,1553082222.572691,bid
3893.0,0.01,1553082222.572691,bid
3893.0,0.001,1553082222.572691,bid
3892.82,0.0771,1553082222.572691,bid
3892.57,0.51,1553082222.572691,bid
3892.56,1.028,1553082222.572691,bid
3892.23,0.10867581,1553082222.572691,bid
3892.22,0.005,1553082222.572691,bid
3892.14,0.001,1553082222.572691,bid
3892.0,0.01,1553082222.572691,bid
3892.0,0.01,1553082222.572691,bid
3892.0,0.01,1553082222.572691,bid
3891.55,0.02,1553082222.572691,bid
3891.27,0.1,1553082222.572691,bid
3891.12,0.154,1553082222.572691,bid
3891.0,0.25,1553082222.572691,bid
3891.0,0.01,1553082222.572691,bid
3891.0,0.01,1553082222.572691,bid
3890.94,0.01,1553082222.572691,bid
3890.87,0.001,1553082222.572691,bid
3890.66,10.523,1553082222.572691,bid
3890.02,0.03997207,1553082222.572691,bid
3890.0,0.012,1553082222.572691,bid
3890.0,0.01,1553082222.572691,bid
3890.0,1.0,1553082222.572691,bid
3890.0,0.002,1553082222.572691,bid
3890.0,0.002,1553082222.572691,bid
3890.0,0.04365829,1553082222.572691,bid
3890.0,0.18012243,1553082222.572691,bid
3890.0,0.01,1553082222.572691,bid
3890.0,0.01,1553082222.572691,bid
3890.0,0.193,1553082222.572691,bid
3890.0,0.15,1553082222.572691,bid
3890.0,0.75505309,1553082222.572691,bid
3890.0,0.01,1553082222.572691,bid
3889.99,0.25706999999999997,1553082222.572691,bid
3889.87,0.12649625,1553082222.572691,bid
3889.81,0.087,1553082222.572691,bid
3889.78,0.00125,1553082222.572691,bid
3889.66,0.010328799999999999,1553082222.572691,bid
3889.38,0.001,1553082222.572691,bid
3889.2,0.01,1553082222.572691,bid
3889.0,0.1,1553082222.572691,bid
3889.0,0.01,1553082222.572691,bid
3888.99,0.033,1553082222.572691,bid
3888.97,0.09934044,1553082222.572691,bid
3888.88,0.1,1553082222.572691,bid
3888.88,0.1,1553082222.572691,bid
3888.86,0.0016699999999999998,1553082222.572691,bid
3888.47,0.001,1553082222.572691,bid
3888.24,0.035,1553082222.572691,bid
3888.0,0.02571931,1553082222.572691,bid
3888.0,0.1,1553082222.572691,bid
3888.0,0.018000000000000002,1553082222.572691,bid
3888.0,0.01,1553082222.572691,bid
3888.0,0.16503310000000002,1553082222.572691,bid
3888.0,0.012,1553082222.572691,bid
3887.87,0.01,1553082222.572691,bid
3887.71,0.03909756,1553082222.572691,bid
3887.5,1.0,1553082222.572691,bid
3887.0,0.01,1553082222.572691,bid
3886.21,0.5,1553082222.572691,bid
3886.0,0.01,1553082222.572691,bid
3885.74,0.12565201,1553082222.572691,bid
3885.12,0.01287,1553082222.572691,bid
3885.0,0.012,1553082222.572691,bid
3885.0,0.00255,1553082222.572691,bid
3885.0,0.42161449,1553082222.572691,bid
3885.0,0.030895699999999998,1553082222.572691,bid
3885.0,0.01,1553082222.572691,bid
3885.0,0.00257401,1553082222.572691,bid
3885.0,0.01,1553082222.572691,bid
3884.93,0.004,1553082222.572691,bid
3884.0,0.01,1553082222.572691,bid
3883.61,0.113,1553082222.572691,bid
3883.42,0.06412562,1553082222.572691,bid
3883.2,0.111,1553082222.572691,bid
3883.0,0.0025800000000000003,1553082222.572691,bid
3883.0,0.01,1553082222.572691,bid
3883.0,0.1,1553082222.572691,bid
3882.5,0.33913571,1553082222.572691,bid
3882.41,0.0039,1553082222.572691,bid
3882.1,0.01334749,1553082222.572691,bid
3882.0,0.01,1553082222.572691,bid
3882.0,0.11023295,1553082222.572691,bid
3881.98,0.001,1553082222.572691,bid
3881.76,3.98,1553082222.572691,bid
3881.27,0.1,1553082222.572691,bid
3881.0,0.01002775,1553082222.572691,bid
3881.0,0.01,1553082222.572691,bid
3880.39,0.0082631,1553082222.572691,bid
3880.39,1.0,1553082222.572691,bid
3880.01,0.3,1553082222.572691,bid
3880.0,0.1,1553082222.572691,bid
3880.0,0.011000000000000001,1553082222.572691,bid
3880.0,0.011000000000000001,1553082222.572691,bid
3880.0,0.01,1553082222.572691,bid
3880.0,0.01032801,1553082222.572691,bid
3880.0,0.002,1553082222.572691,bid
3880.0,0.01,1553082222.572691,bid
3880.0,0.002,1553082222.572691,bid
3880.0,0.002,1553082222.572691,bid
3880.0,0.01,1553082222.572691,bid
3880.0,0.25,1553082222.572691,bid
3880.0,0.002577,1553082222.572691,bid
3880.0,0.005,1553082222.572691,bid
3880.0,0.13917565,1553082222.572691,bid
3880.0,0.002,1553082222.572691,bid
3880.0,11.0,1553082222.572691,bid
3880.0,0.43853000000000003,1553082222.572691,bid
3880.0,1.0,1553082222.572691,bid
3880.0,0.01,1553082222.572691,bid
3880.0,0.026000000000000002,1553082222.572691,bid
3879.7,0.1,1553082222.572691,bid
3879.0,0.08199999999999999,1553082222.572691,bid
3879.0,0.01,1553082222.572691,bid
3879.0,0.45114707,1553082222.572691,bid
3879.0,0.025779900000000005,1553082222.572691,bid
3878.87,0.07190754,1553082222.572691,bid
3878.77,0.01,1553082222.572691,bid
3878.67,0.00125,1553082222.572691,bid
3878.0,0.01,1553082222.572691,bid
3878.0,0.05,1553082222.572691,bid
3878.0,0.002,1553082222.572691,bid
3878.0,0.01,1553082222.572691,bid
3878.0,0.00982366,1553082222.572691,bid
3877.97,0.043,1553082222.572691,bid
3877.69,0.00690875,1553082222.572691,bid
3877.16,0.017,1553082222.572691,bid
3877.15,0.09,1553082222.572691,bid
3877.0,0.01,1553082222.572691,bid
3877.0,1.0,1553082222.572691,bid
3877.0,0.4,1553082222.572691,bid
3877.0,0.02579399,1553082222.572691,bid
3877.0,1.0,1553082222.572691,bid
3876.99,0.24437470000000003,1553082222.572691,bid
3876.84,1.0,1553082222.572691,bid
3876.42,0.018000000000000002,1553082222.572691,bid
3876.1,0.1,1553082222.572691,bid
3876.0,0.02388544,1553082222.572691,bid
3876.0,0.01,1553082222.572691,bid
3876.0,0.1,1553082222.572691,bid
3876.0,0.001,1553082222.572691,bid
3875.5,0.6,1553082222.572691,bid
3875.5,0.0258,1553082222.572691,bid
3875.33,0.025,1553082222.572691,bid
3875.0,0.011000000000000001,1553082222.572691,bid
3875.0,0.01002622,1553082222.572691,bid
3875.0,0.11050101,1553082222.572691,bid
3875.0,0.00255,1553082222.572691,bid
3875.0,0.207,1553082222.572691,bid
3875.0,0.005,1553082222.572691,bid
3875.0,0.04,1553082222.572691,bid
3875.0,0.01,1553082222.572691,bid
3875.0,0.01,1553082222.572691,bid
3875.0,0.0307742,1553082222.572691,bid
3875.0,0.002,1553082222.572691,bid
3875.0,0.001,1553082222.572691,bid
3875.0,0.0028,1553082222.572691,bid
3875.0,0.01290322,1553082222.572691,bid
3875.0,0.15,1553082222.572691,bid
3874.0,0.01,1553082222.572691,bid
3873.0,0.01,1553082222.572691,bid
3872.93,1.0,1553082222.572691,bid
3872.83,0.03804438,1553082222.572691,bid
3872.69,0.05449763,1553082222.572691,bid
3872.68,0.10251867,1553082222.572691,bid
3872.23,12.0,1553082222.572691,bid
3872.0,0.01,1553082222.572691,bid
3871.8,0.055999999999999994,1553082222.572691,bid
3871.34,0.11199999999999999,1553082222.572691,bid
3871.27,0.1,1553082222.572691,bid
3871.11,0.0061973,1553082222.572691,bid
3871.0,0.5,1553082222.572691,bid
3871.0,0.01,1553082222.572691,bid
3871.0,0.25,1553082222.572691,bid
3870.88,0.01,1553082222.572691,bid
3870.64,0.25,1553082222.572691,bid
3870.0,0.011000000000000001,1553082222.572691,bid
3870.0,0.003,1553082222.572691,bid
3870.0,0.005,1553082222.572691,bid
3870.0,0.002,1553082222.572691,bid
3870.0,0.006999999999999999,1553082222.572691,bid
3870.0,0.01,1553082222.572691,bid
3870.0,0.00645994,1553082222.572691,bid
3870.0,0.3,1553082222.572691,bid
3870.0,0.1,1553082222.572691,bid
3870.0,0.5,1553082222.572691,bid
3870.0,0.01,1553082222.572691,bid
3869.99,0.01,1553082222.572691,bid
3869.94,0.025,1553082222.572691,bid
3869.23,0.00215029,1553082222.572691,bid
3869.0,0.00258465,1553082222.572691,bid
3869.0,0.01,1553082222.572691,bid
3868.81,0.027000000000000003,1553082222.572691,bid
3868.13,0.1,1553082222.572691,bid
3868.0,0.01,1553082222.572691,bid
3868.0,0.01,1553082222.572691,bid
3867.84,1.0,1553082222.572691,bid
3867.77,0.0051,1553082222.572691,bid
3867.56,0.00125,1553082222.572691,bid
3867.25,0.027999999999999997,1553082222.572691,bid
3867.09,0.02,1553082222.572691,bid
3867.0,0.002,1553082222.572691,bid
3867.0,0.01,1553082222.572691,bid
3866.13,0.044000000000000004,1553082222.572691,bid
3866.0,0.25866529,1553082222.572691,bid
3866.0,0.01,1553082222.572691,bid
3865.4,0.07,1553082222.572691,bid
3865.34,0.017,1553082222.572691,bid
3865.0,0.35100000000000003,1553082222.572691,bid
3865.0,0.05,1553082222.572691,bid
3865.0,0.002555,1553082222.572691,bid
3865.0,0.004,1553082222.572691,bid
3865.0,0.26462116,1553082222.572691,bid
3865.0,0.01,1553082222.572691,bid
3865.0,0.012,1553082222.572691,bid
3865.0,0.00258733,1553082222.572691,bid
3865.0,0.96636482,1553082222.572691,bid
3864.93,0.004,1553082222.572691,bid
3864.78,0.038579699999999995,1553082222.572691,bid
3864.63,0.05810129,1553082222.572691,bid
3864.6,0.017,1553082222.572691,bid
3864.0,0.1,1553082222.572691,bid
3864.0,0.01,1553082222.572691,bid
3863.13,0.01,1553082222.572691,bid
3863.0,0.01,1553082222.572691,bid
3862.82,0.001,1553082222.572691,bid
3862.44,0.01,1553082222.572691,bid
3862.06,1.32999999,1553082222.572691,bid
3862.03,1.11,1553082222.572691,bid
3862.0,0.17818578,1553082222.572691,bid
3862.0,0.01,1553082222.572691,bid
3861.84,0.0041315,1553082222.572691,bid
3861.0,2.0,1553082222.572691,bid
3861.0,0.01,1553082222.572691,bid
3861.0,0.01,1553082222.572691,bid
3861.0,0.11110044,1553082222.572691,bid
3861.0,1.4,1553082222.572691,bid
3860.75,0.01,1553082222.572691,bid
3860.0,0.00459031,1553082222.572691,bid
3860.0,0.02590674,1553082222.572691,bid
3860.0,0.003,1553082222.572691,bid
3860.0,0.2,1553082222.572691,bid
3860.0,0.003,1553082222.572691,bid
3860.0,0.10101037,1553082222.572691,bid
3860.0,0.002,1553082222.572691,bid
3860.0,0.06476799999999999,1553082222.572691,bid
3860.0,0.003,1553082222.572691,bid
3860.0,0.01,1553082222.572691,bid
3860.0,0.01,1553082222.572691,bid
3860.0,0.02460636,1553082222.572691,bid
3860.0,0.02,1553082222.572691,bid
3860.0,0.2,1553082222.572691,bid
3860.0,0.00906735,1553082222.572691,bid
3860.0,0.01,1553082222.572691,bid
3860.0,1.0,1553082222.572691,bid
3860.0,0.07459,1553082222.572691,bid
3860.0,0.70676854,1553082222.572691,bid
3860.0,0.01,1553082222.572691,bid
3859.98,0.057,1553082222.572691,bid
3859.89,0.95,1553082222.572691,bid
3859.84,0.9,1553082222.572691,bid
3859.0,0.025,1553082222.572691,bid
3859.0,0.5,1553082222.572691,bid
3859.0,0.01,1553082222.572691,bid
3859.0,0.25452281,1553082222.572691,bid
3858.0,8.0,1553082222.572691,bid
3858.0,0.01,1553082222.572691,bid
3857.58,1.11,1553082222.572691,bid
3857.04,0.013999999999999999,1553082222.572691,bid
3857.01,0.1,1553082222.572691,bid
3857.0,0.01,1553082222.572691,bid
3856.77,0.1,1553082222.572691,bid
3856.75,0.00266,1553082222.572691,bid
3856.56,0.1,1553082222.572691,bid
3856.45,0.00125,1553082222.572691,bid
3856.43,2.0,1553082222.572691,bid
3856.0,1.87555487,1553082222.572691,bid
3856.0,0.24,1553082222.572691,bid
3856.0,0.01,1553082222.572691,bid
3855.56,0.025,1553082222.572691,bid
3855.52,0.5,1553082222.572691,bid
3855.5,2.0,1553082222.572691,bid
3855.32,0.01,1553082222.572691,bid
3855.17,0.44525136,1553082222.572691,bid
3855.06,0.1,1553082222.572691,bid
3855.0,0.011000000000000001,1553082222.572691,bid
3855.0,0.10090505,1553082222.572691,bid
3855.0,0.00531696,1553082222.572691,bid
3855.0,0.05,1553082222.572691,bid
3855.0,0.08415275,1553082222.572691,bid
3855.0,0.01,1553082222.572691,bid
3855.0,0.023,1553082222.572691,bid
3854.07,0.0259,1553082222.572691,bid
3854.0,0.01,1553082222.572691,bid
3854.0,0.14300000000000002,1553082222.572691,bid
3853.65,0.036000000000000004,1553082222.572691,bid
3853.02,5.0,1553082222.572691,bid
3853.02,0.06475494,1553082222.572691,bid
3853.0,0.01,1553082222.572691,bid
3853.0,0.33299999999999996,1553082222.572691,bid
3853.0,0.12976901,1553082222.572691,bid
3852.84,0.779,1553082222.572691,bid
3852.83,0.08370127,1553082222.572691,bid
3852.56,0.0020656999999999997,1553082222.572691,bid
3852.26,0.4,1553082222.572691,bid
3852.22,0.03963635,1553082222.572691,bid
3852.0,0.013000000000000001,1553082222.572691,bid
3852.0,0.25,1553082222.572691,bid
3852.0,0.25,1553082222.572691,bid
3851.99,0.00519081,1553082222.572691,bid
3851.88,0.1,1553082222.572691,bid
3851.23,1.00051891,1553082222.572691,bid
3851.21,0.05,1553082222.572691,bid
3851.1,0.10062531,1553082222.572691,bid
3851.01,0.01,1553082222.572691,bid
3851.0,0.026000000000000002,1553082222.572691,bid
3851.0,1.0,1553082222.572691,bid
3851.0,0.12315530000000001,1553082222.572691,bid
3851.0,0.005,1553082222.572691,bid
3851.0,0.01,1553082222.572691,bid
3850.88,0.05272659,1553082222.572691,bid
3850.75,0.002,1553082222.572691,bid
3850.55,0.003,1553082222.572691,bid
3850.1,2.0,1553082222.572691,bid
3850.1,1.0,1553082222.572691,bid
3850.01,0.001,1553082222.572691,bid
3850.01,0.1,1553082222.572691,bid
3850.0,0.37986151,1553082222.572691,bid
3850.0,0.1,1553082222.572691,bid
3850.0,0.02,1553082222.572691,bid
3850.0,1.0,1553082222.572691,bid
3850.0,2.59,1553082222.572691,bid
3850.0,0.002555,1553082222.572691,bid
3850.0,0.003,1553082222.572691,bid
3850.0,0.05194805,1553082222.572691,bid
3850.0,50.0,1553082222.572691,bid
3850.0,0.002,1553082222.572691,bid
3850.0,0.005194,1553082222.572691,bid
3850.0,0.02,1553082222.572691,bid
3850.0,0.005,1553082222.572691,bid
3850.0,0.371,1553082222.572691,bid
3850.0,0.01,1553082222.572691,bid
3850.0,0.005,1553082222.572691,bid
3850.0,0.02608442,1553082222.572691,bid
3850.0,1.0,1553082222.572691,bid
3850.0,0.0025984000000000003,1553082222.572691,bid
3850.0,0.25,1553082222.572691,bid
3850.0,0.001,1553082222.572691,bid
3850.0,0.00857142,1553082222.572691,bid
3850.0,0.12987013,1553082222.572691,bid
3850.0,0.25974027,1553082222.572691,bid
3850.0,0.013691299999999998,1553082222.572691,bid
3850.0,0.065,1553082222.572691,bid
3850.0,0.05194806,1553082222.572691,bid
3850.0,0.3,1553082222.572691,bid
3850.0,0.03117922,1553082222.572691,bid
3850.0,0.011000000000000001,1553082222.572691,bid
3850.0,0.005,1553082222.572691,bid
3850.0,0.26036104,1553082222.572691,bid
3850.0,0.41910872,1553082222.572691,bid
3850.0,0.15,1553082222.572691,bid
3850.0,8.0,1553082222.572691,bid
3850.0,0.3,1553082222.572691,bid
3850.0,1.00129467,1553082222.572691,bid
3850.0,4.05230208,1553082222.572691,bid
3850.0,0.02,1553082222.572691,bid
3850.0,0.5,1553082222.572691,bid
3850.0,0.026000000000000002,1553082222.572691,bid
3850.0,0.42700000000000005,1553082222.572691,bid
3850.0,0.5,1553082222.572691,bid
3850.0,0.005,1553082222.572691,bid
3850.0,0.01,1553082222.572691,bid
3850.0,0.001,1553082222.572691,bid
3850.0,0.02597402,1553082222.572691,bid
3850.0,0.002,1553082222.572691,bid
3850.0,0.13,1553082222.572691,bid
3850.0,0.025,1553082222.572691,bid
3850.0,1.36954521,1553082222.572691,bid
3850.0,0.01,1553082222.572691,bid
3850.0,0.1,1553082222.572691,bid
3850.0,0.05,1553082222.572691,bid
3850.0,0.37402736,1553082222.572691,bid
3850.0,0.002,1553082222.572691,bid
3850.0,0.00259611,1553082222.572691,bid
3850.0,0.00389611,1553082222.572691,bid
3850.0,0.002,1553082222.572691,bid
3850.0,0.02,1553082222.572691,bid
3850.0,0.5,1553082222.572691,bid
3850.0,0.15011906,1553082222.572691,bid
3850.0,0.61,1553082222.572691,bid
3850.0,0.14285724,1553082222.572691,bid
3850.0,0.001,1553082222.572691,bid
3850.0,7.43122773,1553082222.572691,bid
3850.0,0.01,1553082222.572691,bid
3850.0,1.14435739,1553082222.572691,bid
3850.0,0.20560779,1553082222.572691,bid
3850.0,0.01395813,1553082222.572691,bid
3850.0,0.25,1553082222.572691,bid
3850.0,0.05,1553082222.572691,bid
3850.0,1.01298702,1553082222.572691,bid
3850.0,0.22887396,1553082222.572691,bid
3850.0,0.015,1553082222.572691,bid
3850.0,0.01,1553082222.572691,bid
3850.0,0.1,1553082222.572691,bid
3850.0,3.22361902,1553082222.572691,bid
3850.0,1.0,1553082222.572691,bid
3849.27,1.0,1553082222.572691,bid
3849.06,0.0013504,1553082222.572691,bid
3849.0,0.00256732,1553082222.572691,bid
3849.0,0.02207847,1553082222.572691,bid
3849.0,0.01,1553082222.572691,bid
3849.0,0.1,1553082222.572691,bid
3849.0,0.1,1553082222.572691,bid
3848.0,0.1,1553082222.572691,bid
3848.0,0.04873853,1553082222.572691,bid
3848.0,0.016,1553082222.572691,bid
3848.0,0.01,1553082222.572691,bid
3848.0,0.05,1553082222.572691,bid
3847.91,0.036000000000000004,1553082222.572691,bid
3847.53,0.110036,1553082222.572691,bid
3847.0,0.01,1553082222.572691,bid
3846.15,0.0065,1553082222.572691,bid
3846.0,4.4175767,1553082222.572691,bid
3846.0,0.01,1553082222.572691,bid
3845.34,0.00125,1553082222.572691,bid
3845.28,0.013999999999999999,1553082222.572691,bid
3845.01,0.01,1553082222.572691,bid
3845.0,0.0026,1553082222.572691,bid
3845.0,0.01,1553082222.572691,bid
3845.0,0.00260079,1553082222.572691,bid
3845.0,0.1,1553082222.572691,bid
3844.99,0.025,1553082222.572691,bid
3844.44,0.31170522,1553082222.572691,bid
3844.31,0.00626381,1553082222.572691,bid
3844.31,0.00626381,1553082222.572691,bid
3844.27,0.00721203,1553082222.572691,bid
3844.0,0.0313,1553082222.572691,bid
3844.0,1.0,1553082222.572691,bid
3844.0,0.01,1553082222.572691,bid
3844.0,0.1,1553082222.572691,bid
3844.0,2.0,1553082222.572691,bid
3843.83,0.00396677,1553082222.572691,bid
3843.73,0.05388522,1553082222.572691,bid
3843.73,0.05388522,1553082222.572691,bid
3843.73,0.02511365,1553082222.572691,bid
3843.69,0.026000000000000002,1553082222.572691,bid
3843.65,0.0520573,1553082222.572691,bid
3843.61,0.03017477,1553082222.572691,bid
3843.55,0.01565221,1553082222.572691,bid
3843.55,0.011000000000000001,1553082222.572691,bid
3843.54,0.02031449,1553082222.572691,bid
3843.4,0.01039283,1553082222.572691,bid
3843.01,0.255,1553082222.572691,bid
3843.0,2.0,1553082222.572691,bid
3843.0,0.01,1553082222.572691,bid
3842.71,0.01673224,1553082222.572691,bid
3842.33,0.025,1553082222.572691,bid
3842.0,2.0,1553082222.572691,bid
3842.0,0.01,1553082222.572691,bid
3842.0,2.1,1553082222.572691,bid
3841.9,0.035,1553082222.572691,bid
3841.34,0.05651147,1553082222.572691,bid
3841.28,0.001,1553082222.572691,bid
3841.0,0.03880644,1553082222.572691,bid
3841.0,0.01,1553082222.572691,bid
3840.5,0.26038407,1553082222.572691,bid
3840.11,0.021613999999999998,1553082222.572691,bid
3840.03,1.25429392,1553082222.572691,bid
3840.01,0.4,1553082222.572691,bid
3840.01,0.3,1553082222.572691,bid
3840.0,1.0,1553082222.572691,bid
3840.0,0.011000000000000001,1553082222.572691,bid
3840.0,0.01003878,1553082222.572691,bid
3840.0,0.01,1553082222.572691,bid
3840.0,0.013019999999999999,1553082222.572691,bid
3840.0,0.0253,1553082222.572691,bid
3840.0,0.00582812,1553082222.572691,bid
3840.0,0.003,1553082222.572691,bid
3840.0,0.05,1553082222.572691,bid
3840.0,0.002,1553082222.572691,bid
3840.0,0.84529576,1553082222.572691,bid
3840.0,0.004,1553082222.572691,bid
3840.0,0.05,1553082222.572691,bid
3840.0,0.01,1553082222.572691,bid
3840.0,0.01075279,1553082222.572691,bid
3840.0,0.03674407,1553082222.572691,bid
3840.0,0.01113281,1553082222.572691,bid
3840.0,2.0,1553082222.572691,bid
3839.05,0.1004,1553082222.572691,bid
3839.0,0.01,1553082222.572691,bid
3839.0,0.01,1553082222.572691,bid
3839.0,1.03425984,1553082222.572691,bid
3838.0,1.0,1553082222.572691,bid
3838.0,0.01,1553082222.572691,bid
3837.92,0.00698034,1553082222.572691,bid
3837.0,0.01,1553082222.572691,bid
3836.21,0.018000000000000002,1553082222.572691,bid
3836.0,0.01,1553082222.572691,bid
3835.83,0.05853753,1553082222.572691,bid
3835.0,0.01,1553082222.572691,bid
3835.0,0.001,1553082222.572691,bid
3835.0,0.01,1553082222.572691,bid
3835.0,0.12936611,1553082222.572691,bid
3834.23,0.00125,1553082222.572691,bid
3834.0,0.12663929,1553082222.572691,bid
3834.0,0.01,1553082222.572691,bid
3833.7,0.1,1553082222.572691,bid
3833.0,0.0013,1553082222.572691,bid
3833.0,0.00463677,1553082222.572691,bid
3833.0,0.978878,1553082222.572691,bid
3833.0,0.01,1553082222.572691,bid
3833.0,4.0,1553082222.572691,bid
3832.0,0.01,1553082222.572691,bid
3832.0,1.0,1553082222.572691,bid
3831.0,0.0261,1553082222.572691,bid
3831.0,0.01,1553082222.572691,bid
3831.0,0.95536413,1553082222.572691,bid
3831.0,0.01,1553082222.572691,bid
3830.61,0.2610546,1553082222.572691,bid
3830.32,0.01,1553082222.572691,bid
3830.0,0.5,1553082222.572691,bid
3830.0,0.002,1553082222.572691,bid
3830.0,0.12994349,1553082222.572691,bid
3830.0,0.09023767,1553082222.572691,bid
3830.0,0.013000000000000001,1553082222.572691,bid
3830.0,0.58746737,1553082222.572691,bid
3830.0,0.058748,1553082222.572691,bid
3830.0,0.5362431,1553082222.572691,bid
3830.0,0.002,1553082222.572691,bid
3830.0,0.001,1553082222.572691,bid
3830.0,0.5,1553082222.572691,bid
3830.0,0.01,1553082222.572691,bid
3830.0,0.04578665,1553082222.572691,bid
3830.0,0.02,1553082222.572691,bid
3830.0,0.003,1553082222.572691,bid
3830.0,0.2,1553082222.572691,bid
3829.0,0.01,1553082222.572691,bid
3828.0,0.040999999999999995,1553082222.572691,bid
3828.0,0.01,1553082222.572691,bid
3827.0,0.01,1553082222.572691,bid
3826.91,0.02613075,1553082222.572691,bid
3826.5,0.01,1553082222.572691,bid
3826.26,0.1,1553082222.572691,bid
3826.0,0.01,1553082222.572691,bid
3825.75,0.03867926,1553082222.572691,bid
3825.59,0.008,1553082222.572691,bid
3825.59,0.00261397,1553082222.572691,bid
3825.13,1.15,1553082222.572691,bid
3825.0,0.0026,1553082222.572691,bid
3825.0,50.0,1553082222.572691,bid
3825.0,0.002,1553082222.572691,bid
3825.0,0.026000000000000002,1553082222.572691,bid
3825.0,0.6657228000000001,1553082222.572691,bid
3825.0,0.001,1553082222.572691,bid
3825.0,0.005,1553082222.572691,bid
3825.0,0.08300654,1553082222.572691,bid
3825.0,0.01,1553082222.572691,bid
3825.0,2.0,1553082222.572691,bid
3825.0,0.01,1553082222.572691,bid
3825.0,0.01,1553082222.572691,bid
3825.0,0.00261438,1553082222.572691,bid
3824.73,0.0036564,1553082222.572691,bid
3824.52,0.017,1553082222.572691,bid
3824.11,0.03498371,1553082222.572691,bid
3824.0,0.01,1553082222.572691,bid
3823.23,0.02,1553082222.572691,bid
3823.21,0.10434556,1553082222.572691,bid
3823.12,0.00125,1553082222.572691,bid
3823.0,0.05231493,1553082222.572691,bid
3823.0,0.01,1553082222.572691,bid
3823.0,0.005,1553082222.572691,bid
3822.61,0.00217913,1553082222.572691,bid
3822.5,0.01930537,1553082222.572691,bid
3822.22,0.03,1553082222.572691,bid
3822.0,0.02,1553082222.572691,bid
3822.0,0.01,1553082222.572691,bid
3821.69,0.01462179,1553082222.572691,bid
3821.69,0.032,1553082222.572691,bid
3821.6,0.1,1553082222.572691,bid
3821.06,0.1,1553082222.572691,bid
3821.01,0.01,1553082222.572691,bid
3821.0,0.2,1553082222.572691,bid
3821.0,0.05,1553082222.572691,bid
3821.0,7.27746708,1553082222.572691,bid
3820.58,0.00198607,1553082222.572691,bid
3820.43,0.02644454,1553082222.572691,bid
3820.0,0.1,1553082222.572691,bid
3820.0,0.002,1553082222.572691,bid
3820.0,0.01,1553082222.572691,bid
3820.0,0.013000000000000001,1553082222.572691,bid
3820.0,0.002,1553082222.572691,bid
3820.0,0.086,1553082222.572691,bid
3820.0,0.005,1553082222.572691,bid
3820.0,0.55,1553082222.572691,bid
3820.0,0.01,1553082222.572691,bid
3820.0,0.1,1553082222.572691,bid
3820.0,0.005,1553082222.572691,bid
3820.0,1.0,1553082222.572691,bid
3820.0,0.06581721,1553082222.572691,bid
3819.87,1.03016594,1553082222.572691,bid
3819.71,0.001,1553082222.572691,bid
3819.1,0.0720108,1553082222.572691,bid
3819.0,0.01,1553082222.572691,bid
3818.7,0.5,1553082222.572691,bid
3818.48,0.001,1553082222.572691,bid
3818.36,0.13624308,1553082222.572691,bid
3818.0,0.01,1553082222.572691,bid
3818.0,0.013000000000000001,1553082222.572691,bid
3817.0,0.13099293,1553082222.572691,bid
3817.0,0.036000000000000004,1553082222.572691,bid
3817.0,0.01,1553082222.572691,bid
3816.29,0.00411,1553082222.572691,bid
3816.0,0.01,1553082222.572691,bid
3816.0,0.04,1553082222.572691,bid
3815.96,0.00610287,1553082222.572691,bid
3815.88,0.1,1553082222.572691,bid
3815.46,0.0073128,1553082222.572691,bid
3815.43,0.0225,1553082222.572691,bid
3815.0,0.02078705,1553082222.572691,bid
3815.0,0.41965122,1553082222.572691,bid
3815.0,0.01,1553082222.572691,bid
3815.0,0.001,1553082222.572691,bid
3814.35,0.008,1553082222.572691,bid
3814.0,0.01,1553082222.572691,bid
3814.0,0.01,1553082222.572691,bid
3814.0,0.1064,1553082222.572691,bid
3813.96,0.004,1553082222.572691,bid
3813.12,0.525,1553082222.572691,bid
3813.05,0.0020518,1553082222.572691,bid
3813.0,0.02874295,1553082222.572691,bid
3813.0,0.01,1553082222.572691,bid
3812.76,0.02440004,1553082222.572691,bid
3812.24,0.01718049,1553082222.572691,bid
3812.15,0.1,1553082222.572691,bid
3812.01,0.00125,1553082222.572691,bid
3812.0,0.078699,1553082222.572691,bid
3812.0,0.01,1553082222.572691,bid
3812.0,5.0,1553082222.572691,bid
3811.87,0.0229,1553082222.572691,bid
3811.24,10.0,1553082222.572691,bid
3811.13,0.01325069,1553082222.572691,bid
3811.1,0.10495657,1553082222.572691,bid
3811.03,1.70531329,1553082222.572691,bid
3811.0,0.1,1553082222.572691,bid
3811.0,0.0262,1553082222.572691,bid
3811.0,0.1,1553082222.572691,bid
3811.0,0.01,1553082222.572691,bid
3810.7,0.0055,1553082222.572691,bid
3810.67,0.78726313,1553082222.572691,bid
3810.29,0.03,1553082222.572691,bid
3810.0,0.002,1553082222.572691,bid
3810.0,0.002,1553082222.572691,bid
3810.0,0.002,1553082222.572691,bid
3810.0,0.0095,1553082222.572691,bid
3810.0,0.013000000000000001,1553082222.572691,bid
3810.0,0.5,1553082222.572691,bid
3810.0,0.059056,1553082222.572691,bid
3810.0,0.0555154,1553082222.572691,bid
3810.0,0.5,1553082222.572691,bid
3810.0,0.040999999999999995,1553082222.572691,bid
3810.0,0.05,1553082222.572691,bid
3810.0,0.65091999,1553082222.572691,bid
3810.0,0.01056129,1553082222.572691,bid
3810.0,0.01,1553082222.572691,bid
3810.0,0.00525,1553082222.572691,bid
3810.0,0.04,1553082222.572691,bid
3810.0,0.1312336,1553082222.572691,bid
3810.0,0.01,1553082222.572691,bid
3810.0,0.02624672,1553082222.572691,bid
3810.0,1.04987106,1553082222.572691,bid
3809.51,0.21,1553082222.572691,bid
3809.5,0.525,1553082222.572691,bid
3809.0,0.01,1553082222.572691,bid
3808.8,0.015,1553082222.572691,bid
3808.71,0.1,1553082222.572691,bid
3808.08,0.1,1553082222.572691,bid
3808.0,0.1,1553082222.572691,bid
3808.0,0.03413865,1553082222.572691,bid
3808.0,0.01,1553082222.572691,bid
3807.03,0.05897773,1553082222.572691,bid
3807.0,0.00987132,1553082222.572691,bid
3807.0,0.01,1553082222.572691,bid
3806.18,0.0109692,1553082222.572691,bid
3806.0,0.01,1553082222.572691,bid
3806.0,0.17431292,1553082222.572691,bid
3805.99,0.11940067,1553082222.572691,bid
3805.88,0.03231841,1553082222.572691,bid
3805.1,1.03877011,1553082222.572691,bid
3805.0,0.0026,1553082222.572691,bid
3805.0,0.05,1553082222.572691,bid
3805.0,1.0,1553082222.572691,bid
3805.0,0.02890599,1553082222.572691,bid
3805.0,0.00505913,1553082222.572691,bid
3805.0,1.31406183,1553082222.572691,bid
3805.0,0.002,1553082222.572691,bid
3805.0,0.04,1553082222.572691,bid
3805.0,0.01,1553082222.572691,bid
3805.0,0.05,1553082222.572691,bid
3805.0,4.0,1553082222.572691,bid
3805.0,0.01,1553082222.572691,bid
3805.0,0.4675427,1553082222.572691,bid
3805.0,0.25,1553082222.572691,bid
3805.0,0.00262813,1553082222.572691,bid
3805.0,2.0,1553082222.572691,bid
3804.39,1.59,1553082222.572691,bid
3804.0,0.01,1553082222.572691,bid
3804.0,0.01,1553082222.572691,bid
3804.0,0.00262881,1553082222.572691,bid
3803.92,0.00597587,1553082222.572691,bid
3803.5,0.02629158,1553082222.572691,bid
3803.5,0.79,1553082222.572691,bid
3803.0,0.04126479,1553082222.572691,bid
3803.0,0.01,1553082222.572691,bid
3803.0,0.001,1553082222.572691,bid
3802.99,0.5,1553082222.572691,bid
3802.93,0.06,1553082222.572691,bid
3802.9,0.1,1553082222.572691,bid
3802.75,0.004,1553082222.572691,bid
3802.62,0.001,1553082222.572691,bid
3802.33,0.003,1553082222.572691,bid
3802.33,0.05,1553082222.572691,bid
3802.29,0.012,1553082222.572691,bid
3802.1,0.1,1553082222.572691,bid
3802.03,0.1,1553082222.572691,bid
3802.0,0.5,1553082222.572691,bid
3802.0,1.0,1553082222.572691,bid
3802.0,0.1,1553082222.572691,bid
3802.0,0.01,1553082222.572691,bid
3802.0,0.26379565,1553082222.572691,bid
3801.28,0.006999999999999999,1553082222.572691,bid
3801.28,0.05,1553082222.572691,bid
3801.11,5.0,1553082222.572691,bid
3801.01,0.01,1553082222.572691,bid
3801.0,0.13154433,1553082222.572691,bid
3801.0,0.01,1553082222.572691,bid
3801.0,0.46568227,1553082222.572691,bid
3801.0,0.1,1553082222.572691,bid
3801.0,1.0,1553082222.572691,bid
3801.0,0.05,1553082222.572691,bid
3801.0,0.02,1553082222.572691,bid
3801.0,0.10847249999999999,1553082222.572691,bid
3801.0,0.25,1553082222.572691,bid
3801.0,1.0,1553082222.572691,bid
3801.0,0.005,1553082222.572691,bid
3801.0,0.1,1553082222.572691,bid
3801.0,0.01,1553082222.572691,bid
3801.0,0.1,1553082222.572691,bid
3801.0,35.0,1553082222.572691,bid
3801.0,0.35,1553082222.572691,bid
3800.9,0.00125,1553082222.572691,bid
3800.8,0.01,1553082222.572691,bid
3800.54,1.0,1553082222.572691,bid
3800.54,2.5,1553082222.572691,bid
3800.41,0.005,1553082222.572691,bid
3800.38,0.22040406,1553082222.572691,bid
3800.18,0.25,1553082222.572691,bid
3800.09,0.02,1553082222.572691,bid
3800.01,0.026315699999999997,1553082222.572691,bid
3800.01,0.001,1553082222.572691,bid
3800.01,0.18421004,1553082222.572691,bid
3800.0,0.0026,1553082222.572691,bid
3800.0,0.0266,1553082222.572691,bid
3800.0,0.002,1553082222.572691,bid
3800.0,0.25991487,1553082222.572691,bid
3800.0,1.02,1553082222.572691,bid
3800.0,0.13158,1553082222.572691,bid
3800.0,0.00657947,1553082222.572691,bid
3800.0,0.002,1553082222.572691,bid
3800.0,0.005,1553082222.572691,bid
3800.0,0.002,1553082222.572691,bid
3800.0,0.002,1553082222.572691,bid
3800.0,0.005,1553082222.572691,bid
3800.0,3.15608852,1553082222.572691,bid
3800.0,0.005,1553082222.572691,bid
3800.0,0.02631578,1553082222.572691,bid
3800.0,0.02631578,1553082222.572691,bid
3800.0,0.3,1553082222.572691,bid
3800.0,0.15,1553082222.572691,bid
3800.0,0.001,1553082222.572691,bid
3800.0,0.5,1553082222.572691,bid
3800.0,0.20976910000000001,1553082222.572691,bid
3800.0,1.0,1553082222.572691,bid
3800.0,0.05,1553082222.572691,bid
3800.0,0.2,1553082222.572691,bid
3800.0,0.5,1553082222.572691,bid
3800.0,0.02631579,1553082222.572691,bid
3800.0,0.01,1553082222.572691,bid
3800.0,0.05,1553082222.572691,bid
3800.0,0.42,1553082222.572691,bid
3800.0,0.006999999999999999,1553082222.572691,bid
3800.0,0.06467368,1553082222.572691,bid
3800.0,0.01131578,1553082222.572691,bid
3800.0,0.1,1553082222.572691,bid
3800.0,0.1,1553082222.572691,bid
3800.0,0.1,1553082222.572691,bid
3800.0,0.05263157,1553082222.572691,bid
3800.0,0.09,1553082222.572691,bid
3800.0,0.5,1553082222.572691,bid
3800.0,0.1,1553082222.572691,bid
3800.0,0.25,1553082222.572691,bid
3800.0,0.00198,1553082222.572691,bid
3800.0,0.203275,1553082222.572691,bid
3800.0,2.0,1553082222.572691,bid
3800.0,0.25,1553082222.572691,bid
3800.0,0.02555177,1553082222.572691,bid
3800.0,0.06579,1553082222.572691,bid
3800.0,0.03296579,1553082222.572691,bid
3800.0,0.01,1553082222.572691,bid
3800.0,0.1,1553082222.572691,bid
3800.0,0.002,1553082222.572691,bid
3800.0,0.13157895,1553082222.572691,bid
3800.0,0.2,1553082222.572691,bid
3800.0,1.37542873,1553082222.572691,bid
3800.0,0.02,1553082222.572691,bid
3800.0,0.02,1553082222.572691,bid
3800.0,0.0052,1553082222.572691,bid
3800.0,0.01,1553082222.572691,bid
3800.0,0.001,1553082222.572691,bid
3800.0,0.0263,1553082222.572691,bid
3800.0,0.026000000000000002,1553082222.572691,bid
3800.0,0.25,1553082222.572691,bid
3800.0,0.5,1553082222.572691,bid
3800.0,7.99341868,1553082222.572691,bid
3800.0,0.25,1553082222.572691,bid
3800.0,0.039474,1553082222.572691,bid
3800.0,0.02,1553082222.572691,bid
3800.0,0.9209999999999999,1553082222.572691,bid
3800.0,0.04064022,1553082222.572691,bid
3800.0,0.05,1553082222.572691,bid
3800.0,0.10526315,1553082222.572691,bid
3800.0,0.05,1553082222.572691,bid
3800.0,0.25164473,1553082222.572691,bid
3800.0,0.02631579,1553082222.572691,bid
3800.0,0.5263,1553082222.572691,bid
3800.0,0.2,1553082222.572691,bid
3800.0,0.08091071,1553082222.572691,bid
3800.0,1.31578947,1553082222.572691,bid
3800.0,0.0125,1553082222.572691,bid
3800.0,1.5,1553082222.572691,bid
3800.0,0.83445266,1553082222.572691,bid
3800.0,0.25,1553082222.572691,bid
3800.0,0.00105263,1553082222.572691,bid
3800.0,0.01356,1553082222.572691,bid
3800.0,0.01,1553082222.572691,bid
3800.0,0.51556262,1553082222.572691,bid
3800.0,0.25,1553082222.572691,bid
3800.0,0.006999999999999999,1553082222.572691,bid
3800.0,0.13157897,1553082222.572691,bid
3800.0,1.84090462,1553082222.572691,bid
3800.0,0.02631711,1553082222.572691,bid
3800.0,0.5,1553082222.572691,bid
3800.0,0.005261999999999999,1553082222.572691,bid
3800.0,0.06578948,1553082222.572691,bid
3800.0,0.03,1553082222.572691,bid
3800.0,0.20134784,1553082222.572691,bid
3800.0,0.03,1553082222.572691,bid
3800.0,0.1315,1553082222.572691,bid
3800.0,0.5,1553082222.572691,bid
3800.0,0.027999999999999997,1553082222.572691,bid
3800.0,0.26316539,1553082222.572691,bid
3800.0,0.05,1553082222.572691,bid
3800.0,1.91991364,1553082222.572691,bid
3800.0,0.10526300000000001,1553082222.572691,bid
3800.0,0.01,1553082222.572691,bid
3800.0,0.1312404,1553082222.572691,bid
3800.0,0.0348,1553082222.572691,bid
3800.0,2.63157895,1553082222.572691,bid
3800.0,0.09502469,1553082222.572691,bid
3800.0,2.9239101,1553082222.572691,bid
3800.0,0.10288346,1553082222.572691,bid
3800.0,0.2,1553082222.572691,bid
3800.0,0.01,1553082222.572691,bid
3800.0,0.1,1553082222.572691,bid
3800.0,0.03250448,1553082222.572691,bid
3800.0,0.185,1553082222.572691,bid
3800.0,0.01,1553082222.572691,bid
3800.0,0.002,1553082222.572691,bid
3800.0,0.01,1553082222.572691,bid
3800.0,0.00988398,1553082222.572691,bid
3800.0,0.26941208,1553082222.572691,bid
3800.0,0.02631579,1553082222.572691,bid
3800.0,0.01973685,1553082222.572691,bid
3800.0,0.052631500000000005,1553082222.572691,bid
3800.0,0.1316,1553082222.572691,bid
3800.0,2.5,1553082222.572691,bid
3800.0,0.41215283,1553082222.572691,bid
3800.0,0.1,1553082222.572691,bid
3800.0,0.5,1553082222.572691,bid
3800.0,0.01,1553082222.572691,bid
3800.0,0.13157894,1553082222.572691,bid
3800.0,0.18948825,1553082222.572691,bid
3800.0,0.5,1553082222.572691,bid
3800.0,0.001,1553082222.572691,bid
3800.0,0.13157895,1553082222.572691,bid
3800.0,0.2623704,1553082222.572691,bid
3800.0,0.09703383,1553082222.572691,bid
3800.0,0.05,1553082222.572691,bid
3800.0,0.02631579,1553082222.572691,bid
3800.0,0.025,1553082222.572691,bid
3800.0,1.0,1553082222.572691,bid
3800.0,0.02,1553082222.572691,bid
3800.0,0.25,1553082222.572691,bid
3800.0,0.26396579,1553082222.572691,bid
3800.0,1.84210526,1553082222.572691,bid
3800.0,0.05,1553082222.572691,bid
3800.0,0.97732043,1553082222.572691,bid
3800.0,2.6,1553082222.572691,bid
3800.0,0.25570116,1553082222.572691,bid
3800.0,0.25,1553082222.572691,bid
3800.0,0.25,1553082222.572691,bid
3800.0,3.0,1553082222.572691,bid
3800.0,0.18394852,1553082222.572691,bid
3800.0,0.05,1553082222.572691,bid
3800.0,0.5,1553082222.572691,bid
3800.0,1.0,1553082222.572691,bid
3800.0,0.01315789,1553082222.572691,bid
3800.0,2.0,1553082222.572691,bid
3800.0,0.25,1553082222.572691,bid
3800.0,0.05,1553082222.572691,bid
3800.0,0.02515356,1553082222.572691,bid
3800.0,0.05,1553082222.572691,bid
3799.99,5.0,1553082222.572691,bid
3799.85,0.035,1553082222.572691,bid
3799.11,0.4,1553082222.572691,bid
3799.0,0.01,1553082222.572691,bid
3799.0,0.01,1553082222.572691,bid
3799.0,0.00263481,1553082222.572691,bid
3799.0,0.05,1553082222.572691,bid
3798.15,0.00705343,1553082222.572691,bid
3798.09,0.0027,1553082222.572691,bid
3798.0,0.24932226,1553082222.572691,bid
3798.0,0.01,1553082222.572691,bid
3797.95,0.13551787,1553082222.572691,bid
3797.17,0.0038880000000000004,1553082222.572691,bid
3797.0,0.01,1553082222.572691,bid
3796.9,0.0146257,1553082222.572691,bid
3796.0,0.01,1553082222.572691,bid
3795.0,0.1,1553082222.572691,bid
3795.0,0.001,1553082222.572691,bid
3795.0,0.01,1553082222.572691,bid
3795.0,0.001,1553082222.572691,bid
3795.0,1.62025378,1553082222.572691,bid
3794.16,0.01239626,1553082222.572691,bid
3794.0,0.01,1553082222.572691,bid
3794.0,0.01,1553082222.572691,bid
3793.0,0.24387029,1553082222.572691,bid
3793.0,0.01,1553082222.572691,bid
3792.0,0.01,1553082222.572691,bid
3792.0,2.1,1553082222.572691,bid
3791.7,0.016,1553082222.572691,bid
3791.7,0.017,1553082222.572691,bid
3791.69,0.008,1553082222.572691,bid
3791.37,0.03,1553082222.572691,bid
3791.33,0.01476264,1553082222.572691,bid
3791.16,0.003,1553082222.572691,bid
3791.06,0.009000000000000001,1553082222.572691,bid
3791.0,0.1,1553082222.572691,bid
3791.0,0.0264,1553082222.572691,bid
3791.0,0.55394355,1553082222.572691,bid
3791.0,0.01,1553082222.572691,bid
3790.23,0.03,1553082222.572691,bid
3790.0,0.002,1553082222.572691,bid
3790.0,3.0,1553082222.572691,bid
3790.0,0.002,1553082222.572691,bid
3790.0,0.002,1553082222.572691,bid
3790.0,33.1345,1553082222.572691,bid
3790.0,0.001,1553082222.572691,bid
3790.0,0.14327177,1553082222.572691,bid
3790.0,0.05,1553082222.572691,bid
3790.0,0.75,1553082222.572691,bid
3790.0,0.1,1553082222.572691,bid
3790.0,0.13209387,1553082222.572691,bid
3790.0,0.01,1553082222.572691,bid
3790.0,0.71006323,1553082222.572691,bid
3790.0,0.02265047,1553082222.572691,bid
3789.79,0.00125,1553082222.572691,bid
3789.0,0.01,1553082222.572691,bid
3789.0,0.26392187,1553082222.572691,bid
3789.0,0.132,1553082222.572691,bid
3788.88,10.0,1553082222.572691,bid
3788.88,0.1,1553082222.572691,bid
3788.83,1.0,1553082222.572691,bid
3788.23,0.25,1553082222.572691,bid
3788.22,0.1,1553082222.572691,bid
3788.0,1.0,1553082222.572691,bid
3788.0,0.00201097,1553082222.572691,bid
3788.0,0.016,1553082222.572691,bid
3788.0,0.5,1553082222.572691,bid
3788.0,0.01,1553082222.572691,bid
3787.87,0.0066,1553082222.572691,bid
3787.87,0.01,1553082222.572691,bid
3787.75,5.3001610999999995,1553082222.572691,bid
3787.63,0.0182821,1553082222.572691,bid
3787.5,0.03872782,1553082222.572691,bid
3787.41,0.05,1553082222.572691,bid
3787.04,0.01,1553082222.572691,bid
3787.0,0.01,1553082222.572691,bid
3787.0,0.01,1553082222.572691,bid
3786.0,0.00121777,1553082222.572691,bid
3786.0,0.01,1553082222.572691,bid
3786.0,0.07791661,1553082222.572691,bid
3785.99,0.01,1553082222.572691,bid
3785.25,0.85,1553082222.572691,bid
3785.0,1.0,1553082222.572691,bid
3785.0,0.01321,1553082222.572691,bid
3785.0,1.07796583,1553082222.572691,bid
3785.0,0.01,1553082222.572691,bid
3785.0,0.01,1553082222.572691,bid
3785.0,0.00264201,1553082222.572691,bid
3784.0,0.5,1553082222.572691,bid
3784.0,0.025,1553082222.572691,bid
3784.0,0.01,1553082222.572691,bid
3784.0,0.005,1553082222.572691,bid
3783.73,0.01,1553082222.572691,bid
3783.25,0.52864593,1553082222.572691,bid
3783.0,0.01,1553082222.572691,bid
3782.77,1.0,1553082222.572691,bid
3782.52,0.03,1553082222.572691,bid
3782.41,0.01206446,1553082222.572691,bid
3782.0,0.01,1553082222.572691,bid
3781.08,0.25,1553082222.572691,bid
3781.01,0.01,1553082222.572691,bid
3781.0,0.01,1553082222.572691,bid
3781.0,0.0264,1553082222.572691,bid
3781.0,0.05,1553082222.572691,bid
3781.0,0.01,1553082222.572691,bid
3781.0,0.01,1553082222.572691,bid
3780.89,0.005,1553082222.572691,bid
3780.43,0.75457431,1553082222.572691,bid
3780.17,0.008,1553082222.572691,bid
3780.17,0.008,1553082222.572691,bid
3780.16,0.004,1553082222.572691,bid
3780.0,0.002,1553082222.572691,bid
3780.0,0.002,1553082222.572691,bid
3780.0,0.002,1553082222.572691,bid
3780.0,0.0291,1553082222.572691,bid
3780.0,0.5079365,1553082222.572691,bid
3780.0,0.001,1553082222.572691,bid
3780.0,0.05,1553082222.572691,bid
3780.0,1.61797172,1553082222.572691,bid
3780.0,0.01,1553082222.572691,bid
3780.0,0.1,1553082222.572691,bid
3780.0,0.4,1553082222.572691,bid
3780.0,0.1,1553082222.572691,bid
3780.0,0.01,1553082222.572691,bid
3780.0,0.008,1553082222.572691,bid
3780.0,0.05291005,1553082222.572691,bid
3780.0,0.01,1553082222.572691,bid
3780.0,0.005,1553082222.572691,bid
3780.0,0.52910052,1553082222.572691,bid
3780.0,0.55208465,1553082222.572691,bid
3780.0,0.00331481,1553082222.572691,bid
3780.0,1.0,1553082222.572691,bid
3779.44,0.09,1553082222.572691,bid
3779.37,0.004,1553082222.572691,bid
3779.28,0.02646007,1553082222.572691,bid
3779.28,0.265,1553082222.572691,bid
3779.0,0.02781385,1553082222.572691,bid
3779.0,0.11,1553082222.572691,bid
3779.0,0.40242997,1553082222.572691,bid
3779.0,0.25,1553082222.572691,bid
3779.0,0.01,1553082222.572691,bid
3779.0,0.13230999,1553082222.572691,bid
3778.99,0.01,1553082222.572691,bid
3778.81,0.1,1553082222.572691,bid
3778.69,0.26464198,1553082222.572691,bid
3778.68,0.00125,1553082222.572691,bid
3778.57,0.26288583,1553082222.572691,bid
3778.35,0.0219385,1553082222.572691,bid
3778.26,0.01,1553082222.572691,bid
3778.22,0.05943009999999999,1553082222.572691,bid
3778.0,0.01,1553082222.572691,bid
3777.88,0.2,1553082222.572691,bid
3777.77,0.02647064,1553082222.572691,bid
3777.77,0.1,1553082222.572691,bid
3777.77,0.08070745,1553082222.572691,bid
3777.53,0.1,1553082222.572691,bid
3777.51,0.0015,1553082222.572691,bid
3777.46,0.016,1553082222.572691,bid
3777.46,0.0713,1553082222.572691,bid
3777.29,1.0,1553082222.572691,bid
3777.04,0.02,1553082222.572691,bid
3777.0,0.04679584,1553082222.572691,bid
3777.0,0.265,1553082222.572691,bid
3777.0,0.2,1553082222.572691,bid
3777.0,6.0,1553082222.572691,bid
3777.0,0.06,1553082222.572691,bid
3777.0,0.01,1553082222.572691,bid
3777.0,0.01,1553082222.572691,bid
3777.0,0.01,1553082222.572691,bid
3776.49,0.01,1553082222.572691,bid
3776.04,0.1,1553082222.572691,bid
3776.0,0.02,1553082222.572691,bid
3776.0,0.1,1553082222.572691,bid
3776.0,0.02,1553082222.572691,bid
3776.0,0.01,1553082222.572691,bid
3776.0,0.0025,1553082222.572691,bid
3775.0,0.00265,1553082222.572691,bid
3775.0,0.25331125,1553082222.572691,bid
3775.0,3.0,1553082222.572691,bid
3775.0,0.013244999999999998,1553082222.572691,bid
3775.0,0.005,1553082222.572691,bid
3775.0,0.013244999999999998,1553082222.572691,bid
3775.0,0.287747,1553082222.572691,bid
3775.0,0.1,1553082222.572691,bid
3775.0,0.0125,1553082222.572691,bid
3775.0,0.13961468,1553082222.572691,bid
3775.0,0.1,1553082222.572691,bid
3775.0,0.001,1553082222.572691,bid
3775.0,0.02,1553082222.572691,bid
3775.0,0.002,1553082222.572691,bid
3775.0,0.5,1553082222.572691,bid
3775.0,1.10156736,1553082222.572691,bid
3775.0,2.0,1553082222.572691,bid
3775.0,0.26090662,1553082222.572691,bid
3775.0,0.01,1553082222.572691,bid
3775.0,0.15,1553082222.572691,bid
3774.92,0.075,1553082222.572691,bid
3774.88,0.26784521,1553082222.572691,bid
3774.48,0.00125,1553082222.572691,bid
3774.22,0.1,1553082222.572691,bid
3774.0,0.05444621,1553082222.572691,bid
3774.0,0.01,1553082222.572691,bid
3774.0,0.01,1553082222.572691,bid
3773.96,1.0,1553082222.572691,bid
3773.68,4.0,1553082222.572691,bid
3773.57,0.004,1553082222.572691,bid
3773.4,1.0,1553082222.572691,bid
3773.4,0.26324741,1553082222.572691,bid
3773.0,0.01,1553082222.572691,bid
3772.89,0.091,1553082222.572691,bid
3772.88,0.02,1553082222.572691,bid
3772.77,0.00125,1553082222.572691,bid
3772.72,0.26509429999999995,1553082222.572691,bid
3772.33,0.75,1553082222.572691,bid
3772.0,0.01,1553082222.572691,bid
3771.06,0.00125,1553082222.572691,bid
3771.0,0.0265,1553082222.572691,bid
3771.0,0.4,1553082222.572691,bid
3771.0,0.08012593,1553082222.572691,bid
3771.0,0.25,1553082222.572691,bid
3771.0,0.15,1553082222.572691,bid
3771.0,0.01,1553082222.572691,bid
3771.0,0.035,1553082222.572691,bid
3771.0,0.01,1553082222.572691,bid
3771.0,0.2,1553082222.572691,bid
3771.0,0.266,1553082222.572691,bid
3771.0,0.00522673,1553082222.572691,bid
3770.28,0.025,1553082222.572691,bid
3770.27,0.00735358,1553082222.572691,bid
3770.24,0.01,1553082222.572691,bid
3770.22,1.0,1553082222.572691,bid
3770.03,0.90552715,1553082222.572691,bid
3770.0,0.002,1553082222.572691,bid
3770.0,0.001,1553082222.572691,bid
3770.0,0.456,1553082222.572691,bid
3770.0,0.15,1553082222.572691,bid
3770.0,0.03,1553082222.572691,bid
3770.0,0.001,1553082222.572691,bid
3770.0,1.0,1553082222.572691,bid
3770.0,0.013000000000000001,1553082222.572691,bid
3770.0,0.132625,1553082222.572691,bid
3770.0,0.787,1553082222.572691,bid
3770.0,0.1,1553082222.572691,bid
3770.0,0.01,1553082222.572691,bid
3770.0,0.01,1553082222.572691,bid
3770.0,0.0018,1553082222.572691,bid
3770.0,0.22124261,1553082222.572691,bid
3770.0,0.02657566,1553082222.572691,bid
3769.35,0.00125,1553082222.572691,bid
3769.08,0.0182821,1553082222.572691,bid
3769.0,0.001,1553082222.572691,bid
3769.0,0.01,1553082222.572691,bid
3768.52,1.0,1553082222.572691,bid
3768.34,12.72484844,1553082222.572691,bid
3768.0,0.2,1553082222.572691,bid
3768.0,0.01,1553082222.572691,bid
3768.0,0.265395,1553082222.572691,bid
3767.57,0.00125,1553082222.572691,bid
3767.29,0.01,1553082222.572691,bid
3767.0,0.01,1553082222.572691,bid
3766.69,1.0,1553082222.572691,bid
3766.66,0.0375,1553082222.572691,bid
3766.0,0.15,1553082222.572691,bid
3766.0,0.01,1553082222.572691,bid
3765.76,0.78279859,1553082222.572691,bid
3765.65,0.09852319,1553082222.572691,bid
3765.43,0.1,1553082222.572691,bid
3765.0,0.05312085,1553082222.572691,bid
3765.0,0.01,1553082222.572691,bid
3765.0,0.00265605,1553082222.572691,bid
3765.0,1.0807,1553082222.572691,bid
3764.78,0.4,1553082222.572691,bid
3764.17,0.003,1553082222.572691,bid
3764.0,0.053,1553082222.572691,bid
3764.0,0.01,1553082222.572691,bid
3763.98,0.012,1553082222.572691,bid
3763.78,0.0032335999999999997,1553082222.572691,bid
3763.51,0.00548145,1553082222.572691,bid
3763.08,1.0,1553082222.572691,bid
3763.0,0.132874,1553082222.572691,bid
3763.0,0.001,1553082222.572691,bid
3763.0,0.01,1553082222.572691,bid
3762.25,1.0,1553082222.572691,bid
3762.25,0.02067265,1553082222.572691,bid
3762.23,0.33788,1553082222.572691,bid
3762.04,0.28203571,1553082222.572691,bid
3762.0,0.0101,1553082222.572691,bid
3762.0,0.1,1553082222.572691,bid
3762.0,0.01,1553082222.572691,bid
3762.0,0.055,1553082222.572691,bid
3761.11,0.25,1553082222.572691,bid
3761.0,0.01,1553082222.572691,bid
3761.0,0.05,1553082222.572691,bid
3761.0,0.01,1553082222.572691,bid
3761.0,0.44205002,1553082222.572691,bid
3760.56,0.057844000000000007,1553082222.572691,bid
3760.25,1.0,1553082222.572691,bid
3760.01,0.4,1553082222.572691,bid
3760.0,0.011000000000000001,1553082222.572691,bid
3760.0,0.002,1553082222.572691,bid
3760.0,0.00365205,1553082222.572691,bid
3760.0,0.04,1553082222.572691,bid
3760.0,0.05,1553082222.572691,bid
3760.0,0.001,1553082222.572691,bid
3760.0,0.00266,1553082222.572691,bid
3760.0,0.01,1553082222.572691,bid
3760.0,0.797872,1553082222.572691,bid
3760.0,0.5,1553082222.572691,bid
3760.0,0.1,1553082222.572691,bid
3760.0,0.01,1553082222.572691,bid
3760.0,0.01,1553082222.572691,bid
3760.0,0.01,1553082222.572691,bid
3760.0,0.008,1553082222.572691,bid
3760.0,0.001,1553082222.572691,bid
3760.0,0.01,1553082222.572691,bid
3760.0,0.25,1553082222.572691,bid
3760.0,0.01,1553082222.572691,bid
3759.8,1.0,1553082222.572691,bid
3759.8,0.0146257,1553082222.572691,bid
3759.8,0.5,1553082222.572691,bid
3759.4,0.133,1553082222.572691,bid
3759.4,0.09210632,1553082222.572691,bid
3759.0,0.01,1553082222.572691,bid
3758.38,0.005,1553082222.572691,bid
3758.0,0.25,1553082222.572691,bid
3758.0,0.04,1553082222.572691,bid
3758.0,0.01,1553082222.572691,bid
3757.7,0.05,1553082222.572691,bid
3757.64,1.0,1553082222.572691,bid
3757.0,0.01,1553082222.572691,bid
3757.0,0.01,1553082222.572691,bid
3756.49,1.0,1553082222.572691,bid
3756.46,0.00125,1553082222.572691,bid
3756.07,0.266,1553082222.572691,bid
3756.0,0.06656017,1553082222.572691,bid
3756.0,0.01,1553082222.572691,bid
3755.01,0.02,1553082222.572691,bid
3755.0,0.05,1553082222.572691,bid
3755.0,0.11800000000000001,1553082222.572691,bid
3755.0,0.01,1553082222.572691,bid
3755.0,2.0,1553082222.572691,bid
3755.0,0.02,1553082222.572691,bid
3755.0,1.86418109,1553082222.572691,bid
3755.0,0.10251425,1553082222.572691,bid
3755.0,0.2654121,1553082222.572691,bid
3755.0,0.05,1553082222.572691,bid
3755.0,0.01,1553082222.572691,bid
3755.0,0.001,1553082222.572691,bid
3754.9,0.31505318,1553082222.572691,bid
3754.62,1.0,1553082222.572691,bid
3754.0,0.01,1553082222.572691,bid
3753.72,0.001,1553082222.572691,bid
3753.72,0.01,1553082222.572691,bid
3753.43,0.04,1553082222.572691,bid
3753.28,0.015,1553082222.572691,bid
3753.0,0.01,1553082222.572691,bid
3753.0,0.01,1553082222.572691,bid
3752.57,1.0,1553082222.572691,bid
3752.56,0.02665,1553082222.572691,bid
3752.44,0.1,1553082222.572691,bid
3752.21,0.07,1553082222.572691,bid
3752.21,0.01,1553082222.572691,bid
3752.2,1.0,1553082222.572691,bid
3752.0,0.0267,1553082222.572691,bid
3752.0,0.013999999999999999,1553082222.572691,bid
3752.0,0.01,1553082222.572691,bid
3751.88,0.1,1553082222.572691,bid
3751.51,1.0,1553082222.572691,bid
3751.51,0.05,1553082222.572691,bid
3751.19,0.02,1553082222.572691,bid
3751.19,0.02,1553082222.572691,bid
3751.01,0.01,1553082222.572691,bid
3751.0,0.003,1553082222.572691,bid
3751.0,0.10663823,1553082222.572691,bid
3751.0,0.07997867,1553082222.572691,bid
3751.0,0.01,1553082222.572691,bid
3751.0,0.07,1553082222.572691,bid
3751.0,0.93308451,1553082222.572691,bid
3751.0,0.01,1553082222.572691,bid
3751.0,0.005,1553082222.572691,bid
3751.0,0.1,1553082222.572691,bid
3751.0,0.02665956,1553082222.572691,bid
3750.75,0.01,1553082222.572691,bid
3750.55,1.1,1553082222.572691,bid
3750.53,0.0109692,1553082222.572691,bid
3750.09,0.04648155,1553082222.572691,bid
3750.01,0.2,1553082222.572691,bid
3750.01,0.001,1553082222.572691,bid
3750.0,0.01,1553082222.572691,bid
3750.0,0.03877147,1553082222.572691,bid
3750.0,0.002,1553082222.572691,bid
3750.0,0.0026,1553082222.572691,bid
3750.0,0.06288489,1553082222.572691,bid
3750.0,0.13333299999999998,1553082222.572691,bid
3750.0,0.04815298,1553082222.572691,bid
3750.0,0.005,1553082222.572691,bid
3750.0,0.59892492,1553082222.572691,bid
3750.0,0.22090933,1553082222.572691,bid
3750.0,0.01,1553082222.572691,bid
3750.0,0.13333333,1553082222.572691,bid
3750.0,0.02,1553082222.572691,bid
3750.0,4.0,1553082222.572691,bid
3750.0,0.0125,1553082222.572691,bid
3750.0,0.02,1553082222.572691,bid
3750.0,1.05392371,1553082222.572691,bid
3750.0,0.04133333,1553082222.572691,bid
3750.0,0.01019517,1553082222.572691,bid
3750.0,0.002,1553082222.572691,bid
3750.0,0.006,1553082222.572691,bid
3750.0,0.01,1553082222.572691,bid
3750.0,1.0,1553082222.572691,bid
3750.0,0.13333,1553082222.572691,bid
3750.0,0.04000061,1553082222.572691,bid
3750.0,0.002,1553082222.572691,bid
3750.0,0.3,1553082222.572691,bid
3750.0,0.08,1553082222.572691,bid
3750.0,0.001,1553082222.572691,bid
3750.0,0.05,1553082222.572691,bid
3750.0,0.005,1553082222.572691,bid
3750.0,0.4,1553082222.572691,bid
3750.0,0.006659999999999999,1553082222.572691,bid
3750.0,2.0,1553082222.572691,bid
3750.0,1.0,1553082222.572691,bid
3750.0,0.02,1553082222.572691,bid
3750.0,0.5,1553082222.572691,bid
3750.0,0.02666667,1553082222.572691,bid
3750.0,0.00233334,1553082222.572691,bid
3750.0,0.05,1553082222.572691,bid
3750.0,0.25,1553082222.572691,bid
3750.0,0.5,1553082222.572691,bid
3750.0,0.01333334,1553082222.572691,bid
3750.0,0.02666666,1553082222.572691,bid
3750.0,0.02666786,1553082222.572691,bid
3750.0,0.2,1553082222.572691,bid
3750.0,0.25,1553082222.572691,bid
3750.0,0.1,1553082222.572691,bid
3750.0,0.666666,1553082222.572691,bid
3750.0,0.053333000000000005,1553082222.572691,bid
3750.0,0.25,1553082222.572691,bid
3750.0,0.12992261,1553082222.572691,bid
3750.0,50.0,1553082222.572691,bid
3750.0,0.05333334,1553082222.572691,bid
3750.0,10.0,1553082222.572691,bid
3750.0,0.1,1553082222.572691,bid
3750.0,0.02373333,1553082222.572691,bid
3750.0,0.5,1553082222.572691,bid
3750.0,0.01333281,1553082222.572691,bid
3750.0,4.345328,1553082222.572691,bid
3750.0,7.5,1553082222.572691,bid
3750.0,0.3,1553082222.572691,bid
3750.0,0.01,1553082222.572691,bid
3750.0,0.001,1553082222.572691,bid
3750.0,0.80029333,1553082222.572691,bid
3750.0,0.004,1553082222.572691,bid
3750.0,0.0984,1553082222.572691,bid
3750.0,0.1,1553082222.572691,bid
3750.0,0.008,1553082222.572691,bid
3750.0,0.0128,1553082222.572691,bid
3750.0,0.01,1553082222.572691,bid
3750.0,0.05,1553082222.572691,bid
3750.0,0.06361334,1553082222.572691,bid
3750.0,1.0,1553082222.572691,bid
3750.0,0.195402,1553082222.572691,bid
3750.0,0.02,1553082222.572691,bid
3750.0,0.21,1553082222.572691,bid
3750.0,0.75,1553082222.572691,bid
3750.0,0.49338666,1553082222.572691,bid
3750.0,0.001,1553082222.572691,bid
3750.0,0.0266667,1553082222.572691,bid
3750.0,2.0,1553082222.572691,bid
3750.0,0.02666667,1553082222.572691,bid
3750.0,0.03,1553082222.572691,bid
3750.0,0.02666666,1553082222.572691,bid
3750.0,0.13333333,1553082222.572691,bid
3750.0,0.2,1553082222.572691,bid
3750.0,0.15,1553082222.572691,bid
3750.0,0.02,1553082222.572691,bid
3750.0,0.0266,1553082222.572691,bid
3750.0,0.0266,1553082222.572691,bid
3750.0,0.12,1553082222.572691,bid
3750.0,0.01,1553082222.572691,bid
3750.0,0.00666453,1553082222.572691,bid
3750.0,4.0,1553082222.572691,bid
3750.0,2.65,1553082222.572691,bid
3750.0,0.05,1553082222.572691,bid
3750.0,2.0544,1553082222.572691,bid
3750.0,0.053332000000000004,1553082222.572691,bid
3750.0,0.008,1553082222.572691,bid
3750.0,0.1,1553082222.572691,bid
3750.0,0.0267,1553082222.572691,bid
3750.0,0.01333333,1553082222.572691,bid
3750.0,0.026659,1553082222.572691,bid
3750.0,0.1,1553082222.572691,bid
3750.0,0.00666667,1553082222.572691,bid
3750.0,0.26825915,1553082222.572691,bid
3750.0,0.0269,1553082222.572691,bid
3750.0,0.10666667,1553082222.572691,bid
3750.0,0.02,1553082222.572691,bid
3750.0,1.0,1553082222.572691,bid
3750.0,0.27974375,1553082222.572691,bid
3750.0,0.255,1553082222.572691,bid
3750.0,0.01,1553082222.572691,bid
3750.0,0.01,1553082222.572691,bid
3750.0,0.01,1553082222.572691,bid
3750.0,2.66666667,1553082222.572691,bid
3750.0,0.001,1553082222.572691,bid
3750.0,0.1,1553082222.572691,bid
3750.0,0.13341664,1553082222.572691,bid
3750.0,1.0,1553082222.572691,bid
3750.0,0.10666667,1553082222.572691,bid
3750.0,0.01,1553082222.572691,bid
3750.0,2.0,1553082222.572691,bid
3750.0,0.7803,1553082222.572691,bid
3750.0,0.26541334,1553082222.572691,bid
3750.0,0.26666666,1553082222.572691,bid
3750.0,0.005332,1553082222.572691,bid
3750.0,2.14404029,1553082222.572691,bid
3750.0,0.00666666,1553082222.572691,bid
3750.0,0.10607972,1553082222.572691,bid
3750.0,1.0,1553082222.572691,bid
3750.0,1.06666793,1553082222.572691,bid
3750.0,0.32,1553082222.572691,bid
3750.0,0.05985963,1553082222.572691,bid
3750.0,0.04000072,1553082222.572691,bid
3750.0,3.0,1553082222.572691,bid
3750.0,2.0,1553082222.572691,bid
3750.0,0.00533333,1553082222.572691,bid
3750.0,2.666507,1553082222.572691,bid
3750.0,0.14000227,1553082222.572691,bid
3750.0,0.26666666,1553082222.572691,bid
3750.0,0.03,1553082222.572691,bid
3750.0,0.001,1553082222.572691,bid
3750.0,0.5,1553082222.572691,bid
3750.0,0.5,1553082222.572691,bid
3750.0,0.1,1553082222.572691,bid
3750.0,0.02666667,1553082222.572691,bid
3750.0,0.02,1553082222.572691,bid
3750.0,0.25,1553082222.572691,bid
3750.0,0.25,1553082222.572691,bid
3750.0,0.01313154,1553082222.572691,bid
3750.0,1.16003093,1553082222.572691,bid
3750.0,0.26666784,1553082222.572691,bid
3750.0,2.0,1553082222.572691,bid
3750.0,0.5,1553082222.572691,bid
3749.99,0.025810000000000003,1553082222.572691,bid
3749.9,3.0,1553082222.572691,bid
3749.0,0.01,1553082222.572691,bid
3748.0,0.011000000000000001,1553082222.572691,bid
3748.0,0.01,1553082222.572691,bid
3748.0,0.01,1553082222.572691,bid
3747.0,0.1,1553082222.572691,bid
3747.0,0.01,1553082222.572691,bid
3746.77,1.0,1553082222.572691,bid
3746.0,0.011000000000000001,1553082222.572691,bid
3746.0,0.01,1553082222.572691,bid
3746.0,0.01,1553082222.572691,bid
3745.07,0.1,1553082222.572691,bid
3745.0,0.004,1553082222.572691,bid
3745.0,1.3351135,1553082222.572691,bid
3745.0,0.08010679999999999,1553082222.572691,bid
3745.0,0.02,1553082222.572691,bid
3745.0,0.01,1553082222.572691,bid
3745.0,0.01,1553082222.572691,bid
3745.0,0.01,1553082222.572691,bid
3745.0,0.00267023,1553082222.572691,bid
3744.68,0.1,1553082222.572691,bid
3744.56,0.1,1553082222.572691,bid
3744.22,0.1,1553082222.572691,bid
3744.0,0.01,1553082222.572691,bid
3744.0,0.15,1553082222.572691,bid
3744.0,0.01,1553082222.572691,bid
3743.0,0.01,1553082222.572691,bid
3742.31,0.01885849,1553082222.572691,bid
3742.0,0.01,1553082222.572691,bid
3742.0,1.296,1553082222.572691,bid
3742.0,0.01,1553082222.572691,bid
3741.49,0.02672732,1553082222.572691,bid
3741.33,1.0,1553082222.572691,bid
3741.31,0.04371954,1553082222.572691,bid
3741.25,0.0073128,1553082222.572691,bid
3741.0,0.01,1553082222.572691,bid
3741.0,0.01,1553082222.572691,bid
3741.0,0.05,1553082222.572691,bid
3740.41,0.0033354999999999995,1553082222.572691,bid
3740.0,0.002,1553082222.572691,bid
3740.0,0.002,1553082222.572691,bid
3740.0,1.212568,1553082222.572691,bid
3740.0,0.4,1553082222.572691,bid
3740.0,0.0133689,1553082222.572691,bid
3740.0,0.12,1553082222.572691,bid
3740.0,0.001,1553082222.572691,bid
3740.0,0.002676,1553082222.572691,bid
3740.0,0.01,1553082222.572691,bid
3740.0,0.01,1553082222.572691,bid
3740.0,0.001,1553082222.572691,bid
3740.0,0.01,1553082222.572691,bid
3740.0,0.052000000000000005,1553082222.572691,bid
3740.0,0.01,1553082222.572691,bid
3740.0,0.01861764,1553082222.572691,bid
3739.0,0.01,1553082222.572691,bid
3738.21,0.08578592,1553082222.572691,bid
3738.0,0.002,1553082222.572691,bid
3738.0,0.01,1553082222.572691,bid
3738.0,0.01,1553082222.572691,bid
3737.5,0.01519174,1553082222.572691,bid
3737.37,0.025,1553082222.572691,bid
3737.37,0.1,1553082222.572691,bid
3737.0,0.003,1553082222.572691,bid
3737.0,0.006999999999999999,1553082222.572691,bid
3737.0,1.0,1553082222.572691,bid
3737.0,0.01,1553082222.572691,bid
3736.55,0.03,1553082222.572691,bid
3736.0,0.002,1553082222.572691,bid
3736.0,1.0,1553082222.572691,bid
3736.0,0.01,1553082222.572691,bid
3736.0,2.0,1553082222.572691,bid
3736.0,0.01,1553082222.572691,bid
3735.0,0.5,1553082222.572691,bid
3735.0,0.0015,1553082222.572691,bid
3735.0,0.07,1553082222.572691,bid
3735.0,0.01,1553082222.572691,bid
3735.0,0.01,1553082222.572691,bid
3734.99,0.001,1553082222.572691,bid
3734.84,0.0080884,1553082222.572691,bid
3734.0,0.002,1553082222.572691,bid
3734.0,0.01,1553082222.572691,bid
3733.37,0.03,1553082222.572691,bid
3733.3,0.2,1553082222.572691,bid
3733.3,0.006999999999999999,1553082222.572691,bid
3733.0,0.0268,1553082222.572691,bid
3733.0,0.01,1553082222.572691,bid
3733.0,0.01,1553082222.572691,bid
3732.88,2.0,1553082222.572691,bid
3732.0,0.01,1553082222.572691,bid
3732.0,0.25,1553082222.572691,bid
3732.0,0.01,1553082222.572691,bid
3731.97,0.0036564,1553082222.572691,bid
3731.53,0.1,1553082222.572691,bid
3731.51,0.00999894,1553082222.572691,bid
3731.47,0.04,1553082222.572691,bid
3731.31,0.04164762,1553082222.572691,bid
3731.24,0.00670019,1553082222.572691,bid
3731.0,1.0359153,1553082222.572691,bid
3731.0,0.01,1553082222.572691,bid
3730.6,0.005,1553082222.572691,bid
3730.0,0.01,1553082222.572691,bid
3730.0,0.002,1553082222.572691,bid
3730.0,0.001,1553082222.572691,bid
3730.0,0.25,1553082222.572691,bid
3730.0,0.1000563,1553082222.572691,bid
3730.0,0.001,1553082222.572691,bid
3730.0,0.01,1553082222.572691,bid
3730.0,0.01,1553082222.572691,bid
3730.0,0.02,1553082222.572691,bid
3730.0,0.01,1553082222.572691,bid
3730.0,0.01,1553082222.572691,bid
3730.0,0.1,1553082222.572691,bid
3730.0,0.17991600000000002,1553082222.572691,bid
3729.0,0.01,1553082222.572691,bid
3729.0,0.01,1553082222.572691,bid
3728.88,0.21384223,1553082222.572691,bid
3728.74,0.11857100000000001,1553082222.572691,bid
3728.27,0.0197644,1553082222.572691,bid
3728.09,0.0220496,1553082222.572691,bid
3728.0,0.0135,1553082222.572691,bid
3728.0,0.01,1553082222.572691,bid
3728.0,0.01,1553082222.572691,bid
3728.0,0.5,1553082222.572691,bid
3727.93,0.001,1553082222.572691,bid
3727.25,0.19850684,1553082222.572691,bid
3727.0,0.01341561,1553082222.572691,bid
3727.0,0.01,1553082222.572691,bid
3726.0,0.01,1553082222.572691,bid
3726.0,0.1,1553082222.572691,bid
3726.0,0.005367,1553082222.572691,bid
3726.0,0.01,1553082222.572691,bid
3726.0,0.01,1553082222.572691,bid
3725.99,0.06,1553082222.572691,bid
3725.28,0.02589389,1553082222.572691,bid
3725.24,10.0,1553082222.572691,bid
3725.01,0.018000000000000002,1553082222.572691,bid
3725.0,0.005,1553082222.572691,bid
3725.0,0.10257744,1553082222.572691,bid
3725.0,0.002,1553082222.572691,bid
3725.0,0.29957736,1553082222.572691,bid
3725.0,0.0125,1553082222.572691,bid
3725.0,0.13382621,1553082222.572691,bid
3725.0,0.01342,1553082222.572691,bid
3725.0,0.01342,1553082222.572691,bid
3725.0,0.0125,1553082222.572691,bid
3725.0,0.001,1553082222.572691,bid
3725.0,0.89142449,1553082222.572691,bid
3725.0,0.001,1553082222.572691,bid
3725.0,0.01,1553082222.572691,bid
3725.0,0.008,1553082222.572691,bid
3725.0,0.00268457,1553082222.572691,bid
3724.99,0.001,1553082222.572691,bid
3724.0,0.01,1553082222.572691,bid
3724.0,0.01264207,1553082222.572691,bid
3724.0,0.01,1553082222.572691,bid
3723.59,0.002,1553082222.572691,bid
3723.0,0.01,1553082222.572691,bid
